3156 5164
817 408 859 472 22

318 627 320 635 ι
398 590 534 660 Scribe:
558 593 608 660 ihi
626 595 801 682 imapinem
822 597 890 660 eius
908 608 938 659 et
952 593 1122 682 Olympiae
1135 596 1274 662 alteram
1286 595 1402 660 ecdem

274 702 355 766 ιδίι
377 715 496 766 tactam
509 701 655 789 falmihe
680 703 917 769 Callimachum
948 717 985 767 ut
1011 704 1095 768 nihil
1121 703 1215 768 aliud
1246 709 1398 770 miratam

299 810 393 875 uideo
419 811 442 876 ιί
452 837 496 876 ιιι
508 833 624 900 mque
647 816 688 876 ei
706 816 824 877 ίαιίιιι
844 813 1034 898 sacrificari,
1056 814 1143 901 quod
1160 827 1189 878 et
1212 818 1284 878 cicc
1293 812 1398 900 facti·

301 932 402 984 tatum
434 933 464 984 et
494 935 625 985 mortuo
657 921 804 1009 nihilque
839 922 921 986 adeo
951 925 1070 985 miram
1097 919 1224 1010 [aliud]
1246 933 1400 1011 'umquem

298 1029 462 1115 placuisse
484 1029 545 1094 δίο.
589 1031 848 1116 corruptelarum
869 1031 920 1096 vis
941 1031 1063 1115 ubique
1086 1032 1120 1096 iu
1144 1040 1268 1119 oporto.
1297 1033 1330 1096 ei
1346 1027 1395 1096 in'·

300 1145 352 1202 ter
375 1161 391 1201 e
412 1139 474 1202 eti
491 1137 587 1200 facilc
599 1137 925 1224 potnitintercidcrc‚
948 1133 1303 1226 aliud'circumscripsi
1322 1159 1397 1204 cum

301 1265 319 1310 e
340 1244 561 1333 superioribus
585 1258 621 1308 at
641 1245 727 1309 nihil
745 1245 839 1310 aliud
857 1248 1009 1310 miratam
1037 1247 1100 1310 buc
1124 1246 1266 1310 delatum
1289 1245 1397 1312 vidcc-

300 1363 363 1419 tur.
408 1374 471 1437 quo
493 1352 619 1419 facilius
641 1355 791 1421 vocabuli
814 1379 966 1444 umquam
988 1355 1078 1443 prior
1095 1355 1222 1440 syllaba
1235 1377 1294 1441 per
1307 1378 1397 1443 pree·

300 1483 431 1549 grossas
454 1461 578 1525 litteras
600 1461 768 1527 absorberi
792 1463 906 1550 potuit.
948 1463 1089 1550 denique
1116 1464 1270 1552 deumque
1300 1463 1395 1527 video

299 1571 363 1634 iam
384 1570 634 1656 Dalccampium
656 1571 847 1654 coniecisse,
882 1571 969 1656 quod
1002 1593 1068 1635 non
1096 1581 1265 1658 receptum
1288 1580 1337 1636 est
1356 1572 1395 1636 ab

302 1676 434 1764 Silligio
468 1678 665 1743 continentia
694 1679 728 1743 ni
759 1678 794 1743 in
825 1677 955 1766 Silligio
980 1688 1067 1745 esset
1089 1702 1223 1766 prorsus
1244 1679 1395 1759 mirabili.

301 1807 474 1873 compones
497 1805 577 1851 vcro
610 1785 720 1866 facila!
738 1796 885 1852 extrema
918 1785 999 1852 hacc
1029 1809 1102 1852 cum
1123 1786 1231 1851 verbis
1256 1787 1397 1850 eiusdem

302 1897 432 1960 oraculi
454 1899 543 1960 iussu
578 1910 608 1960 et
639 1893 726 1960 Iocis
761 1897 894 1960 oleorum
925 1897 1043 1961 summi
1068 1895 1279 1982 adstipulatu.
1322 1919 1397 1960 nam

300 2007 380 2071 deus
401 2007 526 2093 Apollo
550 2006 637 2071 edito
657 2007 797 2094 Delphis
820 2006 952 2070 oraculo
975 2005 1068 2070 iussit
1083 2005 1241 2071 sacrificia
1260 2001 1395 2085 institui,

301 2113 516 2200 adstipulatus
539 2113 665 2202 Iupiter
685 2124 734 2178 cst
757 2113 892 2180 fulmine
913 2113 1022 2179 misso.
1055 2121 1179 2178 constat
1194 2112 1280 2177 enim
1295 2109 1396 2179 ictum

300 2223 444 2288 fulminis
469 2245 528 2312 pro
552 2224 772 2289 declaratione
804 2223 905 2290 divini
935 2225 1055 2290 favoris
1078 2249 1096 2290 a
1118 2224 1284 2291 veteribus
1305 2225 1394 2289 habi·

299 2340 369 2397 tum
394 2353 475 2397 esso.
519 2331 560 2396 de
581 2333 801 2399 bidentalibus
821 2333 1040 2399 Romanorum
1061 2355 1102 2398 ne
1123 2355 1281 2417 moncam,
1302 2331 1396 2398 Euri-

300 2439 387 2528 pidis
416 2440 559 2505 tumulus
585 2443 751 2506 ferebatur
781 2442 912 2527 fulgure
936 2451 1041 2507 tactus
1074 2463 1156 2528 esse,
1192 2467 1255 2529 qua
1284 2440 1325 2506 de
1358 2463 1396 2506 ro

301 2548 424 2612 iudicat
444 2547 638 2614 Plutarchus
661 2571 691 2614 v.
713 2549 862 2636 Lycurgi
885 2573 913 2616 c.
936 2551 996 2617 31:
1018 2549 1143 2636 λέγεται
1166 2602 1173 2616 .
1200 2601 1234 2617 ..
1259 2601 1266 2616 .
1297 2551 1395 2616 τοῦτο

301 2655 330 2722 δ
352 2649 391 2722 οδ
415 2657 536 2744 ῥαδίως
557 2649 656 2744 ἑτέρῳ
679 2658 743 2723 τινί
760 2659 827 2722 τῶν
850 2655 1020 2747 ἐπιφανῶν
1041 2655 1126 2746 πλὴν
1143 2651 1304 2748 Εὖριπίδῃ
1317 2681 1399 2743 σομ-

301 2767 427 2830 πεσεῖν.
472 2765 702 2833 Artemidorus
732 2763 873 2834 onirocr.
906 2767 940 2832 II
963 2769 983 2833 9
1007 2789 1039 2854 p.
1061 2768 1121 2834 91:
1154 2759 1343 2855 δθληιδς
1363 2767 1400 2836 δὲ

302 2870 452 2956 ἐνδόξους
473 2871 491 2942 δ
512 2872 667 2961 κεραυνὸς
688 2882 783 2943 ποιεῖ
803 2859 858 2943 καί
878 2873 1003 2957 πάντας
1024 2871 1218 2966 φιλολόγους
1247 2873 1302 2942 καί
1322 2871 1400 2954 τούς

302 2979 349 3061 εἷς
370 2979 409 3048 cd
431 2981 532 3066 μέσον
553 2983 779 3069 παρέρχεσθαι
807 2984 1035 3068 βουλομένους.
1072 2983 1106 3049 ἐν
1133 2983 1170 3050 δὲ
1201 2988 1274 3063 ταῖς
1295 2983 1399 3062 δίκαις

301 3095 373 3170 ταῖς
393 3090 473 3176 περὶ
491 3090 657 3175 ἐπιτιμίας
673 3091 832 3180 συμφέρει
847 3089 885 3158 cd
902 3095 1011 3160 δοκεῖν
1020 3093 1272 3178 κεραυνοῦσθαι·
1292 3084 1399 3170 οὐδεὶς

300 3195 359 3287 γὰρ
382 3200 603 3286 κεραυνωθείς
624 3191 739 3286 διιμός
753 3201 850 3286 ἐστιν,
873 3197 982 3270 δ’ποο
1002 3227 1040 3290 οε
1062 3203 1132 3269 καί
1152 3199 1203 3282 ὥς
1224 3198 1328 3281 θεὸς
1349 3225 1399 3267 τι·

300 3313 484 3392 mdccc·

351 3465 354 3470 -
401 3418 473 3485 Nec
496 3421 616 3486 frustra
639 3420 859 3506 anquiremu8‚
891 3421 926 3486 in
956 3443 1020 3508 quo
1057 3443 1156 3508 opero
1178 3421 1397 3489 Callimachus

303 3527 387 3592 hanc
411 3527 612 3593 historiolam
633 3530 780 3616 tetigisse
806 3530 964 3598 videatur.
1009 3553 1205 3616 quamquam
1230 3529 1397 3614 Sittiginm

288 3636 435 3725 *quidem
457 3638 661 3703 confidenter
680 3639 891 3704 adnotantem
911 3639 970 3703 ahi
994 3642 1051 3703 cia
1064 3637 1189 3724 sapere
1212 3660 1398 3727 qrcemqmam

296 3755 406 3828 potest
428 3767 496 3806 esse
517 3745 593 3828 (sic)
613 3768 655 3808 etc
678 3746 762 3809 lihro
787 3743 982 3814 Callimachi
1001 3743 1080 3829 περὶ
1092 3741 1290 3827 θαυμασίων
1312 3743 1397 3830 fugit

304 3860 392 3916 certo
423 3849 552 3916 verum·
601 3873 741 3938 namque
776 3852 972 3918 mirabilium
1005 3851 1080 3916 libri
1111 3852 1208 3918 aliam
1240 3852 1395 3918 rationem

302 3958 401 4024 fuisse
427 3959 545 4025 docent
573 3957 665 4045 quae'
686 3961 763 4026 satis
785 3957 906 4044 multae
938 3949 1034 4047 alque
1068 3961 1196 4049 amplae
1223 3964 1395 4046 supersunt

300 4057 467 4154 reliquiae.
521 4067 629 4132 refero
664 4068 707 4132 ad
741 4067 862 4134 librum
902 4067 980 4160 περὶ
1010 4059 1143 4156 ἀγώνων
1177 4066 1233 4152 (cf.
1268 4063 1393 4132 Gallim.
1457 4073 1461 4078 '

304 4177 368 4280 fug.
385 4176 429 4262 1),
441 4175 482 4260 ³⁰)
506 4175 664 4241 affinitate
685 4179 788 4244 frctus
811 4177 981 4244 manifesta
1005 4199 1117 4244 eorum
1133 4196 1214 4262 quac
1229 4195 1271 4242 cx
1288 4171 1395 4238 Theo·

401 4412 448 4479 30)
469 4413 541 4466 Care
560 4414 629 4464 enim
648 4413 730 4465 fidem
750 4415 854 4492 babeas
873 4415 955 4467 uuam
967 4411 1145 4480 Bernhardya
1162 4412 1208 4480 qut
1226 4413 1253 4464 tn
1263 4411 1396 4465 hratoetb.
