3156 5164
721 421 762 489 99

196 605 298 674 herba
308 607 363 691 ⁸⁷),
387 601 591 694 τριττετήλοο
621 616 676 672 aut
703 600 882 696 τριφύλλου
903 627 1009 691 genus
1032 627 1102 672 esse
1123 629 1142 671 s
1163 607 1293 694 quibus·

195 713 269 782 dam
294 715 473 782 dicebatur.
525 714 732 778 Ptolemaeus
757 713 801 777 ait
823 712 846 775 l.
869 736 894 777 s.
924 705 983 798 την
1004 713 1040 778 δὲ
1059 707 1147 779 πόαν
1169 708 1293 800 (ψολό-

194 825 334 910 aaut)
355 817 387 891 ολ
407 821 467 907 μὲν
485 813 663 908 ἀρτεμισίῳ
685 819 832 900 ἐοικέναι,
856 814 889 886 ολ
910 818 947 886 δὲ
966 816 1218 909 μελιλώτῳ.
1255 847 1294 890 ac

193 932 392 1021 reloquitur
430 953 501 996 esso
529 928 641 1016 χαίτην
671 929 731 1014 μὲν
756 928 903 1016 λωτῷ.
928 979 934 992 .
960 982 1000 997 ..
1031 924 1157 998 εἴκελον
1178 931 1234 996 rel
1253 925 1292 996 τό

193 1041 253 1126 μὲν
275 1035 400 1130 φύλλον
423 1037 562 1126 ἐμφερὲς
584 1041 638 1125 τῷ
656 1038 773 1124 λωτῷ
796 1038 916 1104 docent
935 1038 1101 1105 Nicander
1126 1040 1207 1106 ther.
1231 1039 1293 1106 523

195 1150 330 1234 eiusque
353 1147 538 1213 scholiasta.
583 1156 633 1214 est
656 1156 767 1212 autern
788 1147 874 1212 lotus
896 1147 1011 1214 trifolii
1033 1147 1163 1235 species
1188 1147 1293 1230 (trifo-

194 1259 273 1325 lium
285 1255 861 1344 melilotumappellavitLinnaeus)‚
885 1277 948 1342 qua
970 1257 1046 1342 equi
1068 1256 1293 1343 pascebantur.

195 1368 235 1434 cf.
257 1367 394 1434 Vossius
415 1366 458 1433 ad
481 1366 583 1451 Verg.
604 1387 721 1451 georg.
742 1365 801 1430 ΙΙΙ
821 1365 892 1431 394.

293 1477 386 1544 Haec
410 1477 463 1543 cui
484 1474 714 1563 persuasimus,
738 1475 765 1539 is
787 1498 853 1542 non
876 1474 937 1540 ibit
958 1475 1078 1542 infitias
1100 1474 1206 1540 videri
1219 1474 1294 1540 Pto-

194 1583 354 1650 lemaeum
378 1583 500 1669 legisse
528 1604 594 1647 non
626 1572 780 1648 ω’κύθοον
805 1582 862 1648 ssd
886 1573 1089 1666 drvddov³⁸l
1115 1605 1175 1650 nec
1197 1582 1293 1648 inter-

296 1938 340 2005 37)
360 1939 499 2007 Αἰγυπτία
517 1931 625 2006 βοτάνη,
647 1943 680 1990 cf.
700 1939 752 1990 Od.
770 1937 854 1992 ‹5227
870 1957 925 2007 sqq.
944 1941 1004 1989 τοῖα
1023 1933 1091 1995 Διὸς
1109 1930 1230 2007 θυγάτηρ
1245 1937 1292 2007 ἔχε

196 2025 330 2104 φάρμακα
339 2026 485 2104 μητιόεντα
501 2031 505 2103 l
522 2026 618 2098 έσθλά,
637 2027 670 2085 τά
689 2033 715 2084 ολ
724 2025 897 2103 Πολύδαμνα
911 2025 1006 2102 πόρεν,
1025 2033 1118 2090 Θῶνος
1127 2026 1291 2103 παράκοιτις,

197 2129 344 2196 Αἰγυπτίη,
362 2129 393 2202 τῇ
411 2131 525 2182 πλεῖστα
537 2132 615 2200 φέρει
626 2129 751 2199 ζείδωρος
767 2121 867 2199 ἀρουρτι
884 2127 888 2197 Ι
904 2121 1048 2200 φάρμακα,
1068 2125 1156 2180 πολλὰ
1172 2128 1228 2199 μὲν
1247 2129 1294 2184 έσ-

194 2219 248 2278 did
266 2229 429 2306 μεμιγμένα
448 2221 535 2280 πολλὰ
555 2223 585 2278 δὲ
598 2219 688 2296 λυγρά.
708 2219 878 2294 perdurata
896 2243 960 2279 vcro
974 2243 1107 2296 quasnam
1128 2229 1213 2279 herba
1225 2234 1294 2280 sssct

196 2325 329 2374 nonsatis
346 2325 495 2375 constitisse
508 2324 586 2374 docet
596 2341 655 2376 cura
671 2325 817 2376 Ptolemaei
835 2324 962 2388 ambigua
982 2323 1123 2390 descriptio
1147 2321 1185 2388 (ci
1195 2325 1250 2392 μέν
1265 2351 1292 2360 -

195 2417 222 2466 οἱ
241 2414 285 2482 δέ)
306 2424 360 2468 tum
381 2419 533 2485 Hesychius
552 2409 733 2478 ψαλάκανθα·
757 2417 834 2469 τοῦτο
854 2415 931 2468 δοκεῖ
955 2431 1027 2470 τισιν
1043 2412 1201 2470 ἀδέσποτον
1218 2417 1295 2486 εἶναι,

196 2514 223 2564 in
245 2513 342 2582 quibus
360 2515 482 2566 vitiosum
506 2531 564 2566 esse
587 2507 744 2567 ἀδέσποτον
763 2516 899 2581 lateraque
918 2514 1007 2564 nescio
1026 2515 1100 2566 ouius
1118 2517 1227 2581 plantae
1246 2533 1293 2568 no·

195 2627 256 2662 men
275 2612 401 2678 suspicor.
426 2613 519 2664 Galius
538 2612 630 2663 histor.
648 2619 717 2679 post.
739 2614 857 2678 scriptor.
876 2613 903 2662 in
923 2614 992 2664 notis
1012 2612 1048 2662 ad
1070 2613 1182 2663 Ptolem.
1203 2613 1293 2679 Heph.

196 2725 220 2772 p.
241 2704 294 2756 118
312 2708 415 2758 scribit:
444 2699 602 2759 ἀδέσποτον
625 2711 674 2760 λοι·
698 2710 859 2775 quibusdam
886 2709 978 2760 videri
1002 2711 1161 2761 uocabulum
1187 2713 1294 2760 notavit

196 2800 355 2868 Hesychius.
374 2805 473 2854 scimus
493 2802 557 2870 quid
576 2805 609 2854 sit
627 2797 756 2866 ἐπιστολὴ
774 2795 937 2864 ἀδέσποτος,
956 2793 1036 2871 φήμη
1046 2793 1208 2864 ἀδέσποτος,
1229 2802 1293 2869 quid

195 2898 356 2949 vocabulum
384 2891 542 2949 ἀδέσποτον
568 2915 622 2950 nou
649 2900 721 2950 item.
764 2899 874 2950 Iahnius
901 2897 1038 2950 archaeol.
1067 2899 1148 2950 Battr.
1173 2915 1199 2964 p.
1227 2895 1293 2950 293:

196 2991 362 3047 Ptolemaios
386 2997 508 3047 ιτναιλῐι
535 2996 579 3047 dr's
601 2996 672 3060 daps
698 2997 742 3046 λα’
760 2994 936 3060 estepanum
960 2997 1036 3046 sines
1061 2993 1152 3045 Verres
1173 2995 1220 3045 des
1239 2993 1294 3046 Ko-

193 3089 301 3139 mt'ker’s
324 3087 462 3142 Ετιλτιίοιι
481 3089 533 3157 χαὶ
549 3088 706 3156 Προκλέους
726 3124 731 3136 .
752 3127 757 3138 .
779 3126 785 3138 .
806 3124 813 3140 .
833 3091 929 3141 descen
953 3087 1070 3140 Vrbcdcr
1091 3088 1292 3150 Kallimccbos,

194 3185 243 3234 wis
265 3200 294 3234 cr
312 3194 382 3249 sapt,
401 3188 478 3235 nicht
493 3193 614 3250 pewusat
630 3187 709 3235 habe.
741 3185 860 3244 ¹Dareus
879 3185 1003 3236 erklcert
1022 3187 1079 3235 sict
1101 3183 1219 3248 Hesycb.
1238 3200 1293 3234 aa.

196 3268 364 3341 ψαλάκανθα
383 3315 389 3328 .
409 3315 414 3328 .
433 3316 439 3328 .
459 3316 464 3327 .
485 3280 522 3330 ita
550 3279 595 3347 qui
622 3279 810 3344 interpretetur
838 3285 953 3330 statuere
983 3279 1069 3343 debet,
1098 3285 1158 3345 post
1183 3280 1294 3330 verbum

196 3363 365 3435 ψαλόκανθα
390 3389 495 3424 versum
521 3373 572 3441 χαλ
596 3372 753 3441 Προκλέους
771 3381 820 3424 eto.
846 3375 1020 3426 intercidisse.
1051 3381 1079 3424 at
1098 3376 1199 3437 dubito,
1230 3376 1294 3443 quia

198 3469 322 3534 scriptum
342 3469 437 3535 legitur
457 3466 534 3518 τούτο
557 3505 562 3519 .
583 3507 612 3518 .,
638 3461 803 3532 ἀδέσποτον,
829 3487 883 3522 non
901 3465 916 3520 ὁ
936 3473 1029 3538 στίχος
1048 3506 1053 3519 .
1073 3509 1078 3520 .
1099 3509 1104 3521 .
1132 3463 1293 3526 ἀδέσποτος.

297 3561 342 3628 38)
362 3565 516 3616 Lobeckius
535 3565 648 3631 paralip.
669 3583 694 3630 p.
712 3562 780 3616 462:
803 3563 946 3633 Euripidis
966 3570 1039 3618 laeua
1059 3567 1151 3634 Suppl·
1166 3567 1226 3629 993,
1247 3569 1297 3618 ubi

195 3649 314 3708 ὠκυθόαι
334 3650 443 3729 νύμφαι
460 3663 635 3727 lepr'tur'tam
651 3664 743 3713 multis
767 3663 856 3712 modis
875 3660 1041 3728 depracatus
1059 3671 1108 3723 cat,
1130 3670 1162 3714 ut
1182 3677 1216 3711 rso
1234 3678 1292 3712 scn-

195 3757 283 3804 tcntr'u
301 3758 410 3820 quidem
428 3760 494 3810 satta
514 3762 630 3822 clareat,
655 3760 758 3810 nedum
777 3760 859 3809 verta
880 3761 919 3809 cd
940 3760 1063 3810 libellum
1083 3760 1160 3822 στέρν’
1169 3761 1293 3823 possintf

197 3859 338 3902 accentum
357 3854 383 3902 ω·
405 3857 543 3918 sequimur
568 3870 585 3905 c
608 3858 689 3906 verto
709 3857 884 3922 compositum
907 3863 957 3916 est,
984 3865 1015 3907 ut
1039 3844 1159 3918 βοηθόος
1181 3863 1209 3904 et
1227 3846 1293 3904 ὠκυ-

195 3935 307 4014 δρόμσς,
325 3945 373 3996 aad
392 3947 493 3998 herbae
507 3965 604 3999 nomen
619 3931 746 4000 ὠκύδοον
758 3958 1001 4016 proparoaytouon
1020 3959 1061 4001 cst
1079 3953 1161 4016 quasi
1175 3965 1209 3999 sc
1229 3951 1292 4002 duo-

196 4043 245 4094 aas
272 4045 431 4109 synonymia
459 4045 581 4097 sunctum
611 4047 723 4096 illorum
749 4048 843 4103 modo,
870 4061 940 4112 quas
965 4048 1146 4111 prcmmctt'ea’
1171 4044 1293 4110 afferunt
1395 4109 1397 4114 ,

195 4130 398 4207 έναροιττύντης,
417 4137 613 4209 στρεφεδινεῖν,
633 4137 770 4209 usupra
787 4151 837 4194 stc.
855 4160 879 4193 υ.
898 4143 938 4193 cd
954 4139 1028 4192 Δι’σι.
1043 4141 1145 4208 μ199.
1166 4151 1293 4193 accontus

196 4243 289 4288 tamen
298 4253 332 4288 ns
342 4242 374 4289 έιι
382 4240 492 4305 propria
501 4240 609 4305 quictem
617 4239 673 4290 asts
680 4247 796 4301 coastat,
804 4228 937 4294 Ὠκυθόος
946 4241 1049 4291 editum
1060 4241 1090 4289 ιἰι
1102 4236 1200 4291 Nauna
1209 4234 1298 4287 XIII

197 4331 257 4395 141,
270 4325 404 4390 Ὠιιύδοος
413 4333 561 4386 XXXVII
567 4336 618 4386 696
633 4345 682 4388 cte.
703 4335 852 4387 Meinckius
863 4335 891 4386 ln
905 4334 1025 4386 addend·
1048 4334 1084 4384 ad
1099 4335 1145 4385 λι.
1170 4323 1294 4384 nitidant

188 4431 253 4498 sere
269 4433 337 4484 tetra·
352 4435 427 4486 uada
445 4425 500 4484 ὠκύ
520 4434 589 4485 θέον
606 4437 650 4486 ast
667 4426 928 4496 ὥκυδέοντοιιέείαι,
947 4441 980 4485 ut
992 4429 1152 4498 τριπέτηλον
1166 4431 1292 4482 substare
