3156 5164
794 392 835 458 10

362 574 520 642 Ceterum
542 571 802 642 Callimacheum
822 575 1045 663 hypomnema
1076 573 1225 660 respexit
1253 571 1361 638 Lucil·

264 683 316 751 lus
336 682 426 753 auth.
447 681 518 746 Pal.
539 682 593 748 XI
617 681 695 746 196:

385 784 512 875 Ῥύγχος
532 786 652 871 ἔχουσα
673 785 764 855 Basti
785 785 1025 878 τριπιθὴκινον,
1051 783 1125 856 οἷον
1146 787 1280 858 ἰδοῦσαν

469 894 528 986 τὴν
545 892 678 984 Ἑκάτην
701 894 826 985 [αὑτὴν]
849 893 934 982 οἴομ’
958 893 1181 984 ἇπαγχονίοαι,

387 1003 464 1090 εἶμί,
488 1005 582 1092 λέγει,
604 1001 749 1094 σώφρων
772 1016 834 1070 etc.

264 1115 445 1203 quodcum
474 1118 608 1200 sugeret
629 1115 823 1198 Iacobsium,
860 1117 982 1182 frustra
1010 1117 1091 1182 haec
1121 1127 1158 1182 ut
1188 1117 1362 1203 expediret

263 1225 434 1290 laboravit.
458 1225 567 1309 cogite
587 1234 695 1290 autem
712 1223 862 1288 Hecaten
885 1247 959 1289 cum
982 1247 1024 1290 ex
1046 1247 1124 1289 cane
1135 1226 1170 1289 in
1184 1225 1358 1290 humanam

262 1335 407 1422 speciem
429 1346 518 1400 retro
541 1343 662 1398 mutata
686 1343 772 1398 esset
792 1334 883 1398 canis
904 1343 1001 1421 caput
1023 1335 1195 1400 retinuisse
1217 1334 1360 1418 ideoque

263 1463 335 1508 sese
359 1443 579 1528 suspendisse.
622 1465 696 1506 nam
718 1441 844 1506 Hecate
864 1440 1085 1529 κυνοκέφαλος
1106 1443 1334 1530 effingebatur.

365 1552 411 1616 At
432 1551 577 1616 nondum
598 1551 755 1616 mittimus
779 1551 1026 1616 commentarios
1047 1550 1241 1617 Callimachi
1261 1551 1360 1617 histo·

264 1659 359 1726 ricos.
402 1660 494 1747 prius
518 1659 605 1724 enim
627 1659 709 1726 ratio
736 1669 785 1723 est
808 1658 987 1742 reddenda,
1020 1681 1085 1744 quo
1107 1658 1179 1724 iure
1200 1659 1241 1724 de
1265 1658 1362 1727 Calli·

265 1766 409 1832 macheis
429 1767 693 1855 hypomnematis
714 1777 781 1831 tam
804 1767 944 1835 dixerim
968 1767 1180 1835 confidenter.
1221 1789 1362 1855 namque

264 1886 418 1942 essentne
432 1875 624 1942 Callimachi
646 1899 728 1963 quae
751 1878 941 1950 ferebantur
965 1877 1301 1962 eiushypomnemata
1320 1899 1362 1948 an

262 1985 374 2072 potius
396 1985 556 2058 Zenodoti
577 1986 732 2052 Mallotae
753 1989 884 2070 antiquo
908 1996 1057 2073 tempore
1073 1985 1253 2051 dubitatum
1277 2006 1362 2066 csse,

262 2095 365 2179 vulgo
386 2093 586 2160 concludunt
598 2093 637 2177 ¹2)
671 2115 713 2158 ex
735 2094 901 2158 Athenaei
931 2094 1040 2160 verbis
1062 2093 1116 2160 ΠΙ
1141 2117 1173 2181 p.
1195 2095 1276 2160 ebs:
1310 2088 1363 2166 risa

264 2193 398 2280 δ’δ’ντως
428 2193 600 2290 Ἀφροδίτῃ
629 2187 665 2281 ὗς
692 2197 811 2270 θύεται
833 2208 991 2288 μαρτυρεῖ
1024 2203 1233 2286 Καλλίμαχος
1254 2196 1275 2289 ἢ
1295 2209 1363 2288 Ζη-

263 2303 399 2386 νόδοτος
420 2307 454 2374 ἐν
475 2302 654 2393 ἱστορικοῖς
672 2303 883 2394 ὑπομνήμασι
903 2304 1038 2397 γράφων
1071 2295 1156 2376 ὦδε·
1201 2301 1363 2394 (Ἀργεῖοι

262 2407 443 2504 Ἀφροδίτῃ
463 2401 500 2480 ὗν
521 2411 645 2483 θύουσι
664 2416 720 2482 καὶ
740 2411 759 2501 ἦ
781 2412 877 2504 ἑορτὴ
899 2417 1043 2483 καλεῖται
1068 2411 1223 2505 doarium?
1248 2425 1281 2482 at
1299 2438 1362 2482 nee

264 2548 324 2615 per
356 2548 391 2592 se
424 2526 581 2592 credibile
611 2527 674 2590 hoc
706 2534 756 2591 est
784 2535 817 2590 et
849 2527 913 2590 alio
939 2525 1063 2597 ducunt
1091 2525 1216 2591 scholia
1243 2525 1358 2612 Eurip.

264 2635 363 2709 Rhes.
386 2633 446 2701 28:
484 2684 491 2699 .
516 2627 730 2717 ..καθάπερ
755 2632 811 2698 καὶ
832 2631 1049 2715 Καλλίμαχος,
1074 2626 1307 2718 Ζηνόδοτοςδ
1327 2633 1364 2725 ἐξ

263 2733 373 2810 αὐτοῦ.
406 2742 594 2810 Zenodotus
608 2743 643 2808 in
664 2743 731 2808 snis
751 2741 1004 2821 commentariis,
1023 2763 1105 2826 quae
1128 2739 1284 2825 ἑπιτομοί
1303 2765 1360 2808 vo·

264 2861 379 2919 cantur
403 2851 526 2918 Athen.
549 2852 583 2916 X
600 2851 664 2916 412
685 2876 713 2932 a,
736 2851 901 2940 excerpsit
928 2849 1176 2932 Callimachum,
1210 2851 1245 2916 id
1274 2851 1361 2935 quod

265 2958 306 3026 O.
338 2959 575 3028 Schneiderum
603 2961 639 3026 in
670 2959 870 3046 ephemerid.
899 2960 1034 3024 litterar.
1064 2961 1194 3026 Ienens.
1221 2984 1249 3025 a.
1280 2959 1361 3025 1848

263 3091 295 3156 p.
317 3068 466 3137 87311011
487 3070 589 3135 latuit
632 3070 729 3136 modo
752 3090 794 3136 ne
814 3069 841 3134 is
864 3069 1010 3150 dixisset,
1041 3067 1233 3136 Callimachi
1254 3069 1358 3154 hypo·

264 3188 451 3246 mnematon
473 3178 662 3244 Zenodotea
683 3177 782 3244 fuisse
799 3177 1001 3262 epitomem·
1019 3199 1095 3240 nam
1112 3175 1193 3241 haee
1208 3186 1362 3264 excerpta

266 3309 349 3372 quae
369 3287 488 3352 iterum
513 3295 769 3374 excerperentur
797 3307 911 3372 parum
940 3283 1053 3348 hercle
1074 3295 1148 3372 apta
1169 3284 1271 3350 fuere.
1316 3286 1361 3350 ita

265 3417 310 3478 se,
333 3395 483 3479 inquam,
517 3417 569 3460 ros
590 3395 698 3459 habet.
748 3393 935 3460 Zenodotus
965 3393 1104 3480 singulis
1125 3394 1360 3481 hypomnema-

265 3513 322 3568 ton
343 3502 487 3571 articulis
508 3511 676 3568 auctorum
706 3501 786 3582 (τῶν
806 3496 1128 3588 προιστορησάντων)
1161 3501 1362 3566 mentionem

264 3619 506 3701 praeposuerat.
549 3610 659 3696 itaquo
692 3609 883 3676 Athenaeus
915 3632 989 3674 cum
1018 3610 1092 3675 istic
1122 3607 1361 3676 Callimachum

264 3719 467 3787 nominatum
494 3718 672 3784 invenisset
700 3717 846 3804 scripsit:
880 3716 1097 3801 Καλλίμαχος,
1131 3710 1152 3804 ἢ
1175 3712 1363 3803 Ζηνόδοτος

266 3826 300 3896 ἐν
322 3821 501 3911 ἱστορικοῖς
519 3821 759 3914 ὑπομνήμασιν.
799 3848 895 3908 quam
917 3827 958 3892 ob
980 3848 1051 3891 rem
1072 3825 1197 3890 nullam
1217 3848 1362 3892 caussam

367 4097 410 4162 12)
429 4097 469 4148 Of.
490 4097 627 4148 Heliterus
649 4097 683 4147 de
701 4095 840 4147 Zenodoto
862 4096 971 4164 eiusque
988 4097 1082 4149 studiis
1101 4097 1259 4160 Homericis,
1278 4097 1362 4148 Bran·

268 4194 345 4244 denb.
367 4190 436 4244 1839
460 4209 486 4258 p.
505 4190 548 4254 10,
572 4193 605 4243 E.-
623 4193 760 4258 Koepkius
786 4192 819 4243 da
844 4193 1059 4258 hypomnematis
1087 4191 1151 4242 ibid.
1177 4189 1246 4243 1842
1273 4210 1290 4258 p
1322 4189 1362 4256 12,

265 4289 438 4356 Pluygerslus
458 4289 491 4340 de
509 4289 639 4342 Zenodoti
661 4289 805 4346 carminum
825 4279 991 4344 Homericos.
1017 4287 1133 4340 edidere
1151 4305 1177 4353 p·
1197 4286 1238 4350 12,
1255 4288 1361 4342 Heoks·

265 4401 312 4438 rus
330 4401 424 4436 comm·
444 4383 550 4457 Gallim.
568 4400 594 4450 p.
615 4383 655 4438 16.
