3156 5164
784 396 824 458 12

262 599 310 660 τι,
342 573 527 640 cumomni
554 594 652 639 sensu
679 583 797 655 carcat,
810 572 851 656 ¹⁵)
883 573 1013 658 corrigo
1041 565 1159 638 πελτῶν
1186 595 1233 654 τε,
1265 573 1363 659 idque

264 705 383 750 revoco
417 682 458 746 ad
498 681 640 766 aliquam
670 683 812 747 nominis
845 677 1066 770 Λευκοφρύης
1100 681 1364 769 explicationem,

264 814 347 881 quae
370 791 483 857 similis
502 794 572 857 fere
600 790 689 856 illins
712 792 812 856 suerit
837 789 992 878 Apollod.
1015 792 1082 874 19,
1105 791 1143 854 8:
1173 790 1365 874 ἐκκειμένων

263 899 300 966 δέ
318 903 386 964 τῶν
405 903 549 988 βρεφῶν,
578 894 766 984 παριόντων
800 893 1027 986 ἱπποφορβῶν
1051 899 1161 976 ἵππος
1180 899 1239 982 μία
1259 919 1365 983 προσ·

263 1007 415 1094 αψαμένη
434 1009 474 1096 τῇ
487 1007 569 1096 χηλῇ
581 1006 727 1090 θατέρου
742 1009 809 1070 τῶν
819 1008 955 1094 βρεφῶν
967 1001 1084 1072 πελιύν
1098 1029 1130 1070 τι
1150 1009 1210 1072 τοῦ
1230 999 1366 1089 προσῶ-

264 1138 331 1181 που
361 1113 462 1198 μέρος
488 1113 656 1200 ἐποίησεν,
690 1109 709 1180 ὁ
738 1112 775 1179 δὲ
807 1107 1024 1202 ἱπποφορβὸς
1049 1105 1257 1201 ἀμφοτέρους
1288 1108 1366 1191 τούς

263 1224 386 1302 παῖδας
407 1214 601 1307 ἀνελόμενος
624 1219 755 1308 ἔθρεψε
776 1223 831 1288 καὶ
850 1217 909 1287 τὸν
934 1223 993 1306 μέν
1013 1221 1224 1288 πελιωθέντα
1242 1221 1366 1286 Πελίαν

264 1326 405 1410 ἐκύλισε,
428 1325 487 1396 τὸν
505 1329 542 1396 δέ
567 1329 682 1414 ἕτερον
704 1330 822 1417 Νηλέα.
875 1331 1009 1396 historia
1030 1353 1108 1396 vero
1129 1331 1365 1416 Leucophryes

265 1439 412 1524 quamvis
431 1461 592 1526 nusquam
607 1439 770 1523 explicate
784 1448 852 1503 tota
867 1438 1027 1527 prodatur
1043 1438 1098 1521 (cf.
1109 1439 1265 1504 Parthen.
1279 1461 1364 1503 narr.

264 1572 327 1614 am.
348 1549 379 1613 5.
402 1548 501 1632 extr.)
536 1557 644 1612 tamen
675 1546 766 1612 facili
798 1568 899 1634 opera
928 1547 1119 1630 acognatis
1148 1545 1268 1611 fabulis
1289 1569 1366 1634 sup-

264 1655 348 1744 pleri
369 1666 486 1744 potest.
507 1678 624 1722 monco
648 1657 689 1722 de
714 1655 839 1740 Scylla,
862 1655 1056 1741 deTarpeia
1077 1656 1192 1742 (Prop.
1211 1653 1303 1738 V4),
1324 1655 1365 1720 de

265 1763 410 1829 Pisidica
431 1763 600 1845 (Parthen.
626 1764 692 1846 21),
721 1763 803 1847 aliis,
837 1784 920 1849 quae
943 1763 1111 1828 hostilium
1136 1762 1254 1827 ducum
1279 1762 1367 1828 desi·-

265 1873 357 1938 derio
382 1883 554 1960 correptae
574 1873 711 1960 patriam
726 1873 840 1936 urbem
854 1870 1072 1957 prodiderunt
1087 1893 1274 1959 poenasque
1291 1894 1364 1960 pro·

268 1981 398 2048 ditionis
410 1991 514 2046 morte
527 1981 668 2046 luerunt.
700 2003 761 2046 nec
781 1980 973 2046 dissimilem
997 1981 1122 2046 exitum
1137 1981 1290 2046 videntur
1311 1981 1365 2045 ha·

266 2089 376 2155 buisse
409 2089 566 2155 historiae
598 2089 749 2154 Moneiae
782 2087 898 2172 (schol.
921 2091 961 2156 Il.
982 2095 1014 2154 Z
1030 2089 1072 2154 35
1100 2098 1135 2155 et
1153 2089 1302 2154 Eustath.
1323 2089 1365 2154 ad

265 2198 307 2265 Il.
319 2198 341 2264 l.
353 2222 378 2263 s.
391 2220 424 2285 p.
436 2198 508 2282 623,
522 2199 559 2263 17
570 2199 656 2286 sqq.)
680 2197 859 2264 etNanidis
873 2198 1041 2281 (Parthen.
1053 2198 1119 2280 22).
1154 2199 1195 2264 cf.
1208 2197 1365 2263 Wclcke·

198 2346 199 2350 =
266 2330 321 2372 rus
347 2328 398 2392 ep.
422 2303 517 2392 Cycl.
536 2307 555 2372 Ι
576 2328 609 2394 p.
631 2307 694 2373 282
713 2331 745 2372 n.
767 2307 839 2373 458.

787 2607 849 2674 ΙΙΙ,

367 2791 422 2856 Ad
446 2791 638 2856 sententiam
660 2790 869 2856 Homericam
898 2793 1007 2858 0628
1037 2788 1162 2859 τυτθὸν
1190 2790 1249 2880 γὰρ
1278 2789 1362 2860 tntu

266 2897 426 2970 θανάτοιο
451 2901 606 2992 φέρονται
626 2903 708 2984 (scil.
734 2903 860 2988 ναῦται)
888 2903 969 2967 haec
993 2902 1188 2968 adnotantur
1208 2903 1244 2970 in
1267 2901 1361 2968 utris·

268 3035 331 3100 que
352 3011 488 3076 Venetis
511 3011 602 3077 libris
624 3020 661 3075 et
681 3009 857 3098 Lipsiensi:
890 3013 1024 3094 πρῶτος
1045 3009 1082 3076 δέ
1105 3005 1179 3077 εἶπε
1207 3007 1246 3078 τὸ
1266 3004 1362 3076 Ἀνα-

266 3116 419 3205 χάρσιδος
440 3121 500 3185 τοῦ
520 3114 665 3201 Σκύθου,
685 3109 722 3196 ὃς
745 3113 900 3204 ἐρόμενός
917 3143 988 3184 τινα
1013 3123 1079 3185 τῶν
1101 3123 1225 3186 ναυτῶν
1245 3115 1365 3186 (πόσον

266 3219 430 3311 ἇπέχομεν
461 3231 521 3294 τοῦ
542 3219 676 3306 ύδατος’
702 3227 756 3293 καὶ
784 3221 905 3311 μαθῶν
935 3223 980 3308 ῶς
1010 3227 1168 3312 τέσσαρας
1188 3223 1366 3306 δακτύλους

265 3333 446 3416 ετοσοῦτον,
470 3336 562 3426 φησί,
590 3336 644 3402 καὶ
664 3341 724 3402 τοῦ
744 3329 912 3402 duodece?
941 3336 996 3401 καὶ
1009 3328 1166 3420 ’Ἄρατος
1199 3329 1308 3422 ὀλίγον
1329 3336 1365 3402 δὲ

267 3441 321 3511 διὰ
343 3441 447 3527 ξύλον.
472 3445 588 3530 quibus
612 3446 704 3510 addit
725 3445 969 3512 Victorianus:·
987 3445 1042 3510 καὶ
1063 3445 1286 3529 Καλλίμαχος·
1308 3443 1365 3527 μέ-

268 3577 327 3621 σον
349 3553 406 3620 ἒπὶ
428 3551 565 3634 ναύταις.
598 3563 715 3642 poetae
740 3556 842 3620 verba
865 3555 972 3639 qualia
994 3555 1177 3642 produntur
1196 3555 1313 3619 οιιιῶία
1336 3565 1365 3616 et

225 3650 232 3662 x
267 3677 425 3748 corrupta
445 3663 671 3728 Blomfieldius
693 3663 886 3748 fragmentis
909 3663 1105 3752 interposuit
1128 3663 1227 3748 (474),
1259 3684 1365 3748 neque

268 3773 430 3839 inventus
446 3782 495 3838 est
517 3771 571 3860 qui
590 3773 630 3837 ad
645 3773 925 3862 integritatem-ea
946 3773 1105 3837 reducere
1128 3782 1312 3837 conaretur.
1335 3779 1367 3836 at

268 3883 318 3952 vis
348 3881 478 3970 quidem
508 3891 541 3946 et
568 3880 650 3947 ratio
678 3881 813 3946 istorum
842 3879 964 3966 ambigi
996 3880 1119 3967 nequit,
1152 3881 1207 3945 ubi
1232 3879 1364 3946 Homeri

267 4077 513 4086 ..num-w

368 4196 413 4264 15)
434 4199 563 4264 Bergkins
582 4200 631 4250 ts.
651 4201 695 4267 qui
714 4199 804 4252 scribit
824 4199 925 4251 Πελίου
942 4214 971 4250 τε
990 4203 1076 4268 priora
1095 4202 1155 4250 loco
1177 4201 1246 4250 hano
1264 4206 1366 4252 santen-

269 4296 332 4348 tiam
354 4296 443 4360 ponit:
464 4299 587 4365 sortem
608 4297 759 4349 Stesichori
775 4299 819 4348 vel
837 4294 919 4363 Ibyci
944 4306 985 4350 eat
1011 4313 1046 4348 ιιι
1071 4295 1173 4346 Πελίου
1191 4287 1294 4360 ἄθλοις,
1312 4299 1369 4348 ουἰλ

269 4394 436 4444 uarietate.
455 4406 548 4442 rerum
566 4393 634 4444 haec
652 4393 738 4446 minus
756 4391 909 4459 probabilia
929 4398 999 4444 sunt.
