3156 5164
695 407 738 474 35
768 383 770 390 .

274 591 367 660 Haec
392 591 523 676 quidem
556 592 661 656 obiter
692 600 724 654 et
747 589 782 656 in
804 597 1002 654 transcursu.
1057 585 1273 652 confidentius

175 701 274 794 allum
294 700 442 766 eiusdem
464 699 589 787 epilogi
611 720 743 764 versum
766 695 966 763 emaculabo.
1010 694 1135 782 Apollo
1160 715 1272 760 censu-

100 889 103 902 ·
174 829 229 874 rae
249 809 374 873 vindex
397 831 460 896 quo
486 806 659 873 delicatam
671 805 866 894 parvitatem
884 803 1092 892 praepingui
1112 801 1272 886 magnitu-
1357 788 1359 792 ¹

174 915 248 981 dine
281 916 541 1005 amplectendam
578 923 737 978 monstret
770 912 894 978 duabus
928 913 1031 976 utitur
1063 910 1272 996 imaginibus

178 1046 313 1111 quarum
334 1025 509 1111 perspicua
538 1033 678 1110 aptaque
702 1032 752 1086 est
773 1022 885 1106 altera,
917 1022 1020 1086 altera
1047 1019 1082 1085 ni
1104 1019 1204 1084 fallor
1222 1042 1276 1083 va·

177 1133 269 1198 cillat
292 1143 391 1218 atque
412 1132 583 1198 claudicat.
628 1129 744 1197 Cereri
766 1152 832 1196 non
846 1119 915 1194 ἀπὸ
928 1122 1053 1206 παντὸς
1068 1149 1185 1212 aquam
1200 1147 1274 1215 por-

175 1250 244 1305 tant
266 1241 416 1306 melissae
438 1240 634 1324 sacerdotes,
663 1239 759 1304 sede
784 1259 877 1303 sacro
908 1238 998 1302 fonte
1030 1236 1085 1323 qui
1117 1257 1218 1321 purus
1239 1257 1276 1300 ac

175 1349 339 1436 limpidus,
368 1371 487 1436 parvus
510 1349 609 1430 latex,
638 1346 783 1436 profluit,
810 1368 972 1412 summum
994 1347 1120 1410 florem.
1164 1354 1275 1410 cetera

177 1457 358 1523 sententiae
376 1459 618 1543 verborumque
639 1457 721 1522 ratio
744 1463 833 1520 certa
857 1464 906 1520 est
919 1455 1085 1542 acproba3
1108 1453 1186 1540 quid
1197 1475 1275 1518 vero

174 1566 232 1630 fiet
253 1567 316 1631 isto
342 1557 410 1631 ἀπὸ
433 1561 585 1644 παντόςῖ
643 1563 823 1647 Ernestius,
846 1563 902 1649 qui
925 1586 996 1626 cum
1016 1566 1123 1627 νενενῗο
1145 1563 1276 1648 hymno·

174 1699 248 1739 rum
270 1677 406 1762 culpata
424 1675 533 1739 inultis
557 1676 636 1738 locis
657 1697 777 1760 parum
799 1687 955 1737 accurata
975 1674 1135 1737 acescat
1156 1670 1277 1735 Latino

177 1799 259 1848 earet
280 1805 399 1848 novam
424 1785 577 1868 confecit,
596 1807 638 1849 ne
664 1807 917 1852 commemorem
938 1781 1026 1869 quod
1047 1789 1162 1870 poetae
1176 1781 1277 1847 verba

181 1895 264 1958 falso
286 1893 403 1980 iungit,
438 1887 496 1961 oda
522 1887 590 1960 ἀπὸ
622 1890 745 1973 παντός
775 1895 1010 1983 interpretatur
1040 1914 1106 1955 oon
1128 1914 1144 1954 e
1164 1893 1276 1979 quevo

168 2001 316 2083 flumine.
362 2011 522 2086 anteaque
543 1999 746 2067 Frischlinue
769 2024 835 2064 oon
852 2023 894 2064 ea
910 1997 1120 2080 omeiflaoio.
1154 2007 1186 2061 et
1208 1996 1277 2083 ipse

181 2105 322 2172 fluminis
342 2106 432 2171 notio
456 2105 544 2172 unde
566 2106 713 2194 suppleri
734 2113 832 2191 queat
854 2107 973 2169 frustra
985 2103 1273 2190 circumspicimus.
1369 2111 1373 2115 ’

181 2236 243 2282 nec
266 2225 417 2280 neutrum
441 2235 562 2280 nomen
592 2215 808 2302 probabiliter
830 2222 998 2299 statuetur,
1018 2236 1109 2278 -cum
1139 2213 1197 2278 vix
1218 2235 1276 2276 un-

182 2345 278 2408 quam
298 2321 419 2390 Graeci
439 2322 582 2388 dixerint
606 2314 814 2400 detinereris
833 2345 892 2411 pro
914 2317 1092 2388 πάντοθεν.
1137 2321 1276 2404 denique

180 2427 415 2492 nesententiae
439 2427 571 2514 quidem
587 2418 656 2494 ἀπὸ
678 2422 802 2506 παντός
825 2426 1006 2492 ullomodo
1029 2437 1137 2514 aptum
1155 2437 1213 2493 est.
1248 2428 1276 2492 ei

178 2535 264 2599 enim
278 2534 542 2622 interpretabere
564 2561 636 2604 eum
649 2537 849 2624 Spanhemio
870 2561 934 2600 acu
956 2538 1178 2626 undecumque
1195 2561 1275 2624 pro-

177 2649 297 2708 miscue
318 2669 406 2734 aqua
420 2643 546 2731 fertur,
574 2647 620 2712 ita
644 2647 732 2734 perit
753 2647 863 2712 hercle
887 2646 1040 2732 imaginis
1062 2646 1155 2730 ratio,
1191 2669 1274 2736 quoe

176 2777 242 2820 non
266 2776 304 2820 ea
327 2761 434 2819 estut
456 2764 543 2819 certa
566 2754 724 2838 quaedem
749 2777 832 2840 aqua
855 2754 982 2838 ceteriS,
1015 2753 1072 2819 sed
1100 2763 1138 2816 ut
1161 2763 1273 2820 vastae

175 2883 331 2948 aquarum
354 2858 432 2924 moli
459 2880 579 2945 parvus
614 2860 786 2947 lautusque
817 2860 936 2925 humor
959 2859 1193 2948 praeferendus
1219 2862 1275 2927 de-

181 2969 330 3033 claretur.
374 2968 554 3032 sinautem
575 2977 696 3050 vertes,
729 2991 794 3030 aon
823 2968 966 3056 audique
996 2982 1158 3033 terrarum
1180 2971 1278 3034 simul

178 3098 265 3161 aqua
285 3089 519 3161 comportatur,
551 3075 627 3140 vide
661 3096 702 3140 ne
727 3074 901 3139 ridiculum
923 3077 1068 3141 colorem
1089 3087 1207 3164 poetae
1231 3078 1276 3143 in·

177 3182 336 3249 iunxeris.
369 3181 500 3267 scripsit
521 3179 753 3262 Callimachus,
775 3179 801 3244 si
825 3179 902 3266 quid
923 3180 1036 3247 video:
1114 3233 1117 3240 ,

258 3279 343 3374 Aeol
365 3288 392 3353 δ’
418 3279 476 3353 οὐκ
499 3279 567 3352 ἀπὸ
590 3281 746 3352 πόντου
771 3281 859 3372 ὕδωρ
882 3288 1041 3376 φορέουσι
1064 3291 1223 3374 μέλισσαι.

177 3395 329 3462 nimirum
354 3403 480 3460 constat
501 3394 581 3459 alias
605 3418 703 3481 aquas
727 3395 760 3458 in
784 3396 855 3460 eliis
872 3397 972 3463 sacris
995 3398 1096 3464 fuisse
1119 3424 1180 3470 usu
1201 3425 1274 3468 san·

176 3514 254 3585 ctae,
284 3503 318 3570 in
348 3503 398 3569 his
424 3497 576 3586 fontium,
608 3502 642 3568 in
671 3502 737 3567 illis
758 3504 936 3588 fiuvialem,
958 3506 992 3571 iu
1015 3507 1086 3572 aliis
1110 3510 1276 3596 marinam,

176 3632 278 3696 enque
301 3610 488 3676 discrimina
509 3633 551 3676 ne
572 3610 851 3677 confunderentur
874 3636 998 3678 summe
1009 3615 1185 3702 relligione
1202 3641 1274 3683 cau·

176 3727 245 3784 tum
267 3739 348 3784 esse.
361 3719 401 3798 ⁴8)
443 3714 508 3784 iam
532 3719 699 3804 quaeistic
718 3719 1018 3806 saeraindieentur,
1041 3723 1129 3790 haud
1144 3725 1275 3808 quidem

177 3825 252 3890 satis
275 3834 324 3890 cst
348 3837 518 3913 apertum;
541 3839 575 3892 at
597 3851 671 3893 cum
694 3851 735 3894 ex
752 3828 883 3893 scholiis
901 3829 996 3894 Pind.
1010 3831 1060 3896 IV
1079 3833 1138 3896 104
1155 3843 1275 3918 pateat,

176 3933 379 3999 melissarum
402 3935 434 3999 in
458 3934 590 4003 Cereris
611 3931 830 4024 θεσμοφόρον
856 3938 944 4002 cultu
966 3939 1151 4025 potissimos
1165 3950 1275 4029 partes

175 4042 377 4132 fuissepveri
403 4041 578 4108 admodum
601 4043 705 4110 simile
739 4054 788 4109 est
823 4046 1066 4112 Atticorum
1095 4049 1273 4115 thesmo-

275 4304 321 4372 48)
340 4307 380 4358 Cf.
403 4305 579 4372 spanhemius
601 4312 771 4358 commentar.
792 4307 828 4358 ad
849 4307 954 4359 Gallim·
976 4326 1002 4376 p.
1024 4307 1084 4372 151,
1103 4311 1274 4366 Hermennue

175 4401 368 4465 gottardienetl.
389 4404 501 4454 Altertlr·
524 4401 552 4452 d.
572 4402 704 4454 (lrlaohen
723 4419 749 4468 p·
773 4401 824 4456 125
844 4410 871 4454 ct
890 4401 942 4456 127
960 4421 987 4456 u.
1007 4402 1032 4457 7.
1051 4402 1078 4456 8.
