3156 5164
803 394 844 462 28

279 589 442 646 vetustum
465 579 676 666 proverbium
698 581 870 646 metricum
896 582 1011 648 incerti
1032 581 1183 666 auctoris,
1215 580 1377 667 significa-

281 690 379 755 tionis
402 689 584 775 ambiguae.
616 687 678 753 hoc
702 698 812 775 aptum
831 689 1038 756 Ptolemaeus
1061 690 1276 756 arbitrabatur
1288 690 1379 756 unde

280 799 466 888 praestigiis
496 799 562 864 suis
587 799 806 884 grammaticis
839 799 1007 864 materiam
1034 807 1170 886 peteret.
1224 801 1377 865 Proclem

280 909 335 992 qui
368 908 415 972 ibi
446 907 631 974 nominatur
651 908 730 973 iacit
763 907 913 973 Proclem
940 909 1181 995 imperatorem,
1216 909 1271 973 cui
1303 929 1377 974 cnm

280 1016 442 1099 Dionysio
474 1038 527 1081 res
556 1017 671 1082 iuerat.
721 1017 786 1082 iam
814 1017 849 1081 in
869 1018 1041 1105 propatulo
1065 1017 1206 1103 positum
1228 1025 1308 1099 erat,
1337 1025 1374 1082 ut

280 1147 352 1190 cnm
385 1146 543 1212 equorum
576 1125 609 1190 in
640 1125 816 1213 proverbio
850 1125 1015 1191 mentione
1049 1132 1236 1192 conecterct
1267 1125 1375 1210 aliquo

280 1234 375 1299 modo
400 1233 611 1319 ignominiam
634 1234 735 1318 illam,
758 1255 840 1318 qnae
865 1234 1026 1318 Dionysio
1053 1233 1230 1320 Olympiae
1252 1233 1377 1299 accide-

279 1351 339 1408 rat.
384 1351 416 1408 et
438 1365 513 1408 cnm
536 1350 700 1408 constaret
722 1343 920 1428 Dionysium
941 1344 980 1409 ab
996 1343 1126 1409 Eubulo
1143 1341 1266 1407 comico
1288 1363 1376 1407 acer·

279 1450 413 1517 bissime
438 1450 581 1516 derisum
604 1472 686 1533 esse,
708 1452 796 1516 hunc
818 1474 931 1517 versus
952 1451 1072 1516 ludicri
1094 1458 1260 1516 auctorem
1282 1458 1372 1516 autu-

279 1557 388 1624 mavit.

381 1666 441 1731 His
473 1665 519 1730 ita
549 1666 710 1753 expeditis
737 1668 845 1732 statim
873 1675 1025 1755 patescet,
1062 1689 1219 1754 quorsum
1249 1673 1377 1752 spectet

281 1773 475 1840 Callimachi
494 1774 681 1841 nescientia.
724 1775 834 1861 prodit
857 1777 943 1840 enim
964 1776 1180 1840 iurationem
1201 1771 1375 1861 assumptis

279 1882 389 1948 verbis
411 1881 465 1948 καὶ
489 1881 645 1970 περὶτῆς
667 1879 891 1970 παρῳδήσεως
912 1887 971 1949 τοῦ
988 1882 1100 1965 στίχου
1114 1881 1280 1971 scriptoris
1295 1881 1376 1946 haec

279 2014 387 2058 mens:
422 1990 640 2057 Callimachus
672 2015 744 2056 cnm
777 1993 947 2076 ignoraret
978 1991 1179 2057 versiculum
1212 1989 1310 2055 istum
1333 1991 1373 2054 eh

280 2100 408 2166 Eubulo
428 2100 550 2165 comico
571 2099 704 2165 ludibrii
727 2125 840 2168 caussa
862 2101 981 2166 factum
1004 2121 1086 2182 esse,
1110 2121 1187 2164 eum
1210 2107 1375 2182 tamqnam

281 2207 400 2274 serium
424 2203 614 2294 παρῳδήσει
635 2210 814 2274 aemulatus
836 2208 947 2290 est⁸⁵l
999 2208 1125 2273 scilicet
1147 2205 1375 2285 Callimachus,

281 2317 325 2381 ait
348 2316 566 2399 Ptolomaeus,
597 2318 659 2383 hoc
680 2339 777 2382 versu
801 2320 904 2383 fretus
924 2317 1035 2382 nescio
1062 2325 1147 2404 qnos
1167 2337 1267 2400 equos
1291 2314 1374 2380 serio

281 2425 360 2490 fecit
383 2419 581 2512 ψαλακάνθῃ
602 2424 705 2490 herba
726 2435 907 2508 vescentes,
930 2449 992 2513 quo
1017 2449 1129 2491 corum
1142 2424 1376 2513 praestantiam

280 2530 449 2596 indicaret.
505 2554 629 2620 quoqne
659 2533 763 2595 minna
790 2532 915 2596 dubites
947 2532 1050 2620 ipsam
1072 2532 1204 2620 profero
1228 2530 1377 2598 Callima·

280 2636 394 2702 cheam
407 2630 605 2723 παρῴδησιν.
625 2661 701 2703 nam
722 2638 790 2723 legi
811 2659 883 2702 cam
904 2637 1052 2725 suspicer
1065 2637 1100 2702 in
1122 2637 1217 2704 Dian.
1231 2639 1291 2703 162
1304 2660 1374 2725 sqq.

362 2743 418 2811 σοὶ
438 2743 466 2811 d’
490 2737 692 2828 Ἀμνισιάδες
711 2746 771 2829 μὲν
790 2741 857 2812 ὑπὸ
879 2741 1032 2836 ζεύγληφι
1052 2746 1210 2825 λυθείσας
1252 2770 1253 2774 ’

362 2846 525 2939 ψήχουσιν
545 2849 696 2938 κεμάδος,
717 2851 808 2940 παρὰ
829 2855 866 2920 δέ
889 2878 984 2944 σφισι
1005 2849 1111 2921 πουλύ
1134 2853 1292 2938 νέμεσθαι

357 2954 463 3046 Ἥρης
485 2961 520 3027 ἐκ
540 2962 699 3046 λειμῶνος
720 2954 923 3050 ἀμησάμενοι
943 2963 1120 3052 φορέουσιν

365 3058 519 3137 οἷκύθοον
540 3070 743 3158 τριπέτηλον,
770 3065 789 3138 ὃ
810 3072 865 3138 καὶ
885 3069 965 3150 Διὸς
984 3073 1087 3138 ἵπποι
1110 3069 1248 3140 ἔδουσιν.
1259 3073 1302 3147 ³⁶)

209 3250 214 3258 Ι
279 3175 379 3242 habes
404 3177 536 3261 quidem
558 3180 611 3246 hic
633 3179 828 3267 τριπέτηλον
847 3180 915 3244 illic
938 3174 1164 3265 ψαλάκανθαν.
1189 3191 1231 3263 at,
1261 3181 1295 3245 ni
1318 3181 1375 3246 fal-

279 3285 341 3370 lor,
363 3286 541 3352 secundum
563 3289 746 3355 Ptolemaei
766 3290 986 3355 narrationem
998 3284 1207 3375 ψαλάκανθα,
1230 3289 1377 3355 fabulosa

281 3498 527 3507 m-

379 3639 423 3706 35)
441 3631 621 3706 Παρῳδήσεις
642 3642 685 3692 rel
705 3639 847 3708 παρῳδίας
873 3643 917 3709 qui
940 3657 955 3692 e
976 3643 1060 3708 poetis
1079 3645 1191 3691 enatant
1209 3644 1376 3707 grammatici

281 3741 381 3787 tantum
409 3751 463 3786 non
483 3751 587 3801 semper
606 3749 693 3786 meras
717 3737 878 3788 imitationes
902 3738 1021 3786 indicare
1039 3737 1138 3786 volunt.
1176 3739 1209 3788 oi.
1231 3738 1378 3791 Firnhaber

281 3831 314 3880 de
336 3836 453 3894 tempore
474 3844 526 3895 quo
549 3829 709 3880 Heraclidas
733 3835 759 3880 et
785 3831 964 3896 composuisse
990 3835 1017 3879 et
1037 3830 1160 3882 docuisse
1182 3832 1322 3898 Euripides
1341 3835 1376 3883 vi·

282 3926 376 3976 deatur
395 3929 444 3975 etc.
465 3929 493 3990 pt
514 3922 531 3974 4
549 3941 603 3992 sqq.

379 4016 426 4082 36)
448 4019 604 4069 Welckerus
624 4018 753 4070 Gcetterl·
773 4018 798 4068 ll
817 4031 844 4079 p·
858 4017 926 4072 409:
955 4053 962 4066 .
983 4055 989 4068 .
1011 4055 1018 4068 .
1038 4054 1045 4068 .
1066 4053 1072 4068 .
1092 4023 1214 4086 auylcs'ed
1233 4023 1308 4072 tarro
1327 4021 1376 4070 dor

281 4113 372 4166 Panes
394 4115 456 4165 circi
470 4115 507 4164 im
530 4111 637 4164 Nomen
659 4113 801 4174 Trioditis,
823 4113 926 4176 Trivia,
945 4131 973 4166 ao
990 4131 1095 4180 moraes
1115 4115 1233 4166 eamear
1246 4116 1313 4181 fuer
1332 4114 1376 4165 dis

283 4208 403 4269 (doctrin,
424 4210 488 4260 dass
502 4205 538 4268 ja
559 4209 658 4260 darum
677 4223 757 4272 ιαρον
771 4211 821 4260 der
839 4211 973 4260 sohtechta
984 4209 1068 4262 raet
1087 4207 1179 4275 νρνγλη
1198 4207 1376 4270 derHekatc,

259 4353 261 4358 .
283 4305 332 4356 der
349 4302 490 4370 τρίγληνος
508 4305 574 4356 oder
594 4306 803 4370 ἀντίστροφα·
813 4306 937 4372 qeopfart
956 4307 1065 4378 warde.-
1093 4320 1148 4356 voa
1166 4321 1232 4357 man
1255 4307 1377 4358 nachot·

195 4415 198 4420 Δ
281 4401 364 4452 mend
380 4401 423 4452 de
442 4398 592 4456 Ecastor
610 4398 727 4452 Artemii
745 4403 796 4452 mit
812 4401 949 4467 tenattem
961 4402 1107 4468 fustrarte·
