3156 5164
817 403 836 470 8

276 584 357 654 κατά
375 581 584 677 άντίφρασιν·
609 583 710 654 οἱονεὶ
729 583 748 674 ἦ
770 582 814 674 μὴ
837 573 919 652 orion
942 578 1089 672 adactis·
1120 582 1237 670 ἔχομεν
1258 585 1295 653 dd
1315 581 1374 674 τὴν

276 701 390 786 χρῆσιν
412 694 503 782 παρά
527 691 735 784 Καλλιμάχῳ,
761 687 852 763 οἷον·
885 701 976 782 χαῖρε
1004 690 1161 784 Εάκσλίνη
1183 748 1190 762 .
1211 691 1316 786 γράφε
1337 697 1374 764 δὲ

277 805 331 874 διὰ
350 811 410 873 τσῦ
433 833 445 874 ι
466 811 514 894 τῷ
538 801 624 893 λόγῳ
644 803 703 871 τοῦ
725 801 871 892 Εόηνίνη.
907 817 939 871 at
952 828 1016 891 quo
1038 816 1131 893 paeto
1153 807 1278 872 Hecate
1302 807 1370 872 κατ’

276 909 470 1004 άντίφρασιν
491 917 597 1003 potuit
631 905 766 994 εόκσλσς
791 915 927 981 vocari?
969 917 1031 980 hoc
1063 916 1148 980 enim
1178 935 1240 980 nec
1272 915 1372 980 Hem·

278 1025 457 1091 sterhusius
481 1035 542 1090 n'ec
564 1025 711 1091 Naekius
735 1024 892 1110 explicuit
921 1025 1143 1110 probabiliter.
1188 1024 1256 1089 sive
1286 1022 1371 1090 enim

279 1132 517 1202 intractabilem
540 1132 641 1196 luisse
663 1131 814 1197 Hecaten
837 1131 904 1196 sive
919 1126 1005 1218 pede
1017 1131 1159 1196 debilem
1175 1131 1274 1214 dicos,
1296 1153 1372 1197 neu-

278 1252 366 1306 trum
389 1240 526 1305 traditur
549 1240 583 1304 in
606 1240 743 1322 fabulis3
777 1240 874 1304 immo
896 1241 1058 1329 posterius
1077 1240 1162 1304 redit
1185 1239 1226 1303 ad
1248 1239 1372 1304 irritam

277 1349 465 1416 Ruhnkenii
490 1349 723 1431 coniecturam,
745 1349 802 1428 qui
814 1347 1039 1413 Bentleianam
1056 1347 1246 1436 scripturam
1256 1342 1371 1432 Ἑκάλη

277 1467 386 1523 mente
407 1479 508 1542 agens
530 1456 616 1544 apud
635 1454 767 1522 Suidam
789 1448 964 1542 Εόκολίνη.
983 1453 1002 1542 ἡ
1018 1445 1152 1534 adcolae
1171 1451 1270 1534 πόλις
1292 1456 1373 1520 scri-

276 1566 359 1653 psit:
389 1559 547 1652 Εάκολίνη
570 1617 577 1630 .
599 1561 618 1652 ἡ
640 1556 774 1643 abactor
795 1559 911 1642 πόδας.
966 1564 1195 1648 Bernhardyus
1218 1559 1372 1652 proponit

278 1674 482 1740 dubitanter:
506 1665 663 1759 Εάκσλίνη
684 1722 691 1738 .
715 1669 733 1762 ἡ
755 1663 898 1751 εόκολσς.
927 1663 1081 1750 Εόπσλις.
1118 1673 1253 1737 fortasse
1275 1667 1374 1752 πόλις

278 1805 320 1850 ex
342 1774 476 1861 εόκσλος
498 1793 620 1850 natum.
670 1782 734 1846 iam
754 1803 833 1848 vero
854 1782 1035 1870 producam
1057 1803 1129 1846 eum
1153 1781 1277 1862 locum,
1317 1783 1371 1866 qui

278 1901 327 1956 est
346 1892 557 1960 Callimaehei
579 1891 749 1977 fragminis
774 1891 1072 1956 commodissimum
1098 1900 1131 1956 et
1153 1891 1371 1978 complemen-

278 2011 346 2066 tum
378 2010 412 2066 et
437 2002 774 2088 interpretamentum.
831 2000 1020 2066 Eustathius
1050 2000 1091 2064 ad
1125 1999 1188 2068 Od.
1223 2025 1255 2088 p.
1280 2000 1372 2084 1714,

276 2113 315 2176 41
339 2131 409 2198 sqq.
442 2112 499 2196 (ef.
530 2111 721 2178 Callimaeh.
753 2134 785 2199 p.
807 2109 870 2174 414
898 2109 977 2176 Ern.
1004 2110 1058 2174 vel
1087 2131 1118 2196 p.
1139 2109 1201 2174 224
1222 2109 1375 2188 Bloml.):

278 2213 396 2287 Ἰστέον
417 2217 453 2286 dd
474 2219 528 2285 καὶ
559 2213 611 2297 ότι
642 2215 823 2304 ἕπιρριπὴς
845 2215 862 2285 ό
884 2221 995 2302 μῦθος
1017 2215 1064 2296 εἰς
1084 2213 1125 2282 τά
1146 2213 1271 2304 κυνιόόη
1294 2212 1375 2282 πλά-

277 2350 393 2412 σματα,
429 2321 466 2406 ὃς
489 2327 542 2393 καὶ
563 2324 622 2415 τὴν
642 2321 777 2412 Ἑκάβην
800 2319 991 2392 άπεκόνωσε
1019 2326 1074 2392 καὶ
1091 2327 1132 2410 ¹⁰)
1159 2321 1217 2412 τὴν
1243 2320 1377 2412 Ἑκάτην

277 2437 313 2504 δὲ
332 2432 427 2515 κυνός
447 2431 592 2525 κεφαλὴν
613 2432 750 2518 ἔχουσαν
772 2429 917 2501 πλάττει.
960 2435 1014 2501 καὶ
1037 2434 1245 2518 Καλλίμαχος
1265 2421 1322 2500 σάν
1343 2433 1377 2500 ἕν

277 2539 508 2632 ὑπομνήμασιν
530 2543 589 2632 την
616 2535 766 2628 Ἄρτεμιν
797 2544 1030 2632 ἐπιξενισόῆναί
1051 2567 1151 2632 φησιν
1169 2535 1295 2630 Ἐφέσῳ
1315 2537 1377 2630 vicii

280 2646 464 2737 Καΰστρου,
492 2650 726 2737 ἕκβαλλσμὲνην
749 2652 785 2718 δὲ
807 2647 874 2719 ὑπό
895 2655 954 2739 τῆς
972 2647 1121 2738 γυναικός
1141 2646 1179 2717 τό
1201 2649 1261 2735 μὲν
1282 2653 1376 2735 πριό-

276 2785 335 2829 τον
355 2762 550 2845 μεταβαλεῖν
569 2753 668 2846 mimir
695 2758 743 2839 εἰς
765 2756 853 2844 κύνα,
890 2753 947 2827 εἶτ’
970 2749 1071 2840 αὖθις
1092 2755 1267 2848 ε’λεήσασαν
1287 2751 1374 2824 άπο-

277 2873 476 2956 καταστῆσαι
499 2867 548 2948 εἰς
568 2860 759 2953 ἄνθρωπον,
791 2870 845 2935 καὶ
866 2861 965 2956 αὐτὴν
987 2870 1046 2953 μὲν
1068 2867 1301 2950 αἰσχυνθεῖσαν
1319 2867 1376 2934 ἐπὶ

277 2982 326 3066 τῷ
347 2973 567 3066 συμβεβηκότι
584 2969 804 3064 άπάγξασθαι,
833 2973 891 3064 τὴν
912 2977 948 3042 δὲ
969 2973 1052 3043 βιόν
1075 2982 1274 3061 περιβεῖσαν
1296 2970 1376 3066 αὐτῇ

277 3084 336 3154 τόν
357 3085 480 3154 σίκεῖον
500 3081 625 3170 κόσμον
644 3081 777 3174 Ἑκάτην
799 3077 966 3170 ὀνομάσαι.
988 3087 1122 3151 istinc
1149 3088 1252 3174 igitur
1272 3089 1375 3153 Heca·

279 3206 335 3261 ten
365 3187 542 3280 Εάκσλίνην
576 3197 746 3282 benipnom
777 3195 845 3260 κατ’
877 3187 1069 3284 άντίηνρασιν
1110 3196 1307 3260 nominatam
1340 3194 1375 3260 in

280 3325 326 3369 eo
339 3304 357 3368 d
369 3325 386 3367 e
396 3327 428 3368 m
453 3304 538 3391 hyp
551 3327 640 3369 omn
651 3313 785 3369 emate
803 3304 994 3391 prodiderat
1009 3303 1239 3372 Callimachus.
1264 3312 1296 3367 et
1309 3303 1372 3366 iam

278 3414 366 3478 ultro
388 3421 582 3478 succurrunt
607 3435 772 3477 sacrorum
795 3413 980 3498 rituumque
1002 3411 1373 3496 momentaquibushoe

279 3522 503 3608 hypomnema
535 3521 754 3607 suppleamus.
802 3521 857 3604 qui
888 3521 975 3586 enim
1007 3521 1158 3586 Hecaten
1194 3520 1375 3584 salutarunt

278 3629 486 3694 ludificantes
496 3628 579 3709 χαῖρ’
592 3618 755 3714 Ἐνκσλίνη
776 3650 842 3692 non
854 3629 909 3692 alii
925 3638 1004 3716 puto
1023 3629 1156 3693 fuerunt
1172 3647 1269 3712 quam
1285 3647 1373 3690 men-

281 3735 345 3802 dici
367 3737 431 3820 isti,
452 3737 507 3821 qui
529 3737 618 3800 eibos
641 3736 803 3800 numeniis
821 3737 964 3800 Hecatae
979 3736 1144 3824 appositos
1161 3735 1223 3801 sibi
1245 3735 1375 3820 auferre

280 3846 440 3910 solebant.
474 3867 613 3929 eumque
636 3867 759 3909 morem
783 3845 824 3908 ob
845 3845 947 3933 ipsam
970 3844 1059 3910 illam
1073 3845 1217 3911 Hecates
1231 3843 1373 3932 inhospi-

279 3939 436 4020 talitatem
467 3976 537 4019 esse
567 3976 692 4040 poenae
717 3953 791 4018 loco
814 3953 998 4019 institutum
1024 3953 1246 4019 Callimachus
1267 3975 1374 4038 narra·
1419 4029 1427 4048 Ι

279 4069 378 4127 verat.
423 4061 661 4150 Aristophanes
684 4062 765 4148 plut.
789 4061 852 4126 594
864 4083 934 4147 sqq.

284 4213 528 4224 ...--..---.

380 4285 424 4354 10)
443 4291 484 4340 lta
504 4291 608 4342 correxi
627 4291 765 4356 vulgatam
784 4292 955 4358 seripturama
985 4282 1091 4354 κανώιλη
1115 4282 1260 4374 φάσματα,
1280 4285 1376 4348 dccccl

279 4380 327 4449 τὴν
342 4375 457 4451 Ἑκάβην
474 4376 642 4439 ἀπεκόμισε.
660 4387 706 4438 καὶ
724 4394 773 4440 eto.
