3156 5164
806 410 848 474 26

281 592 520 681 παραπλησίως
530 592 567 660 δὲ
588 595 643 660 καὶ
662 590 721 682 τὴν
731 593 1018 681 παρακομίζουσαν
1032 597 1109 661 ναῦν
1128 592 1206 675 τούς
1227 593 1381 683 θεωροὺς

281 692 350 766 ἀπὸ
370 705 437 768 τῶν
462 695 595 788 ἀγώνων
615 693 815 785 &vardaicus
838 703 871 782 ἐς
892 699 951 791 τὴν
979 703 1127 770 Σικελίαν
1149 704 1300 772 ἐκπεσεῖν
1320 707 1381 793 τῆς

281 800 415 890 Ἰταλίας
434 810 481 892 εἷς
507 809 656 898 Τάραντα
679 809 733 880 διά
762 837 852 893 τινας
875 817 1044 898 χειμῶνας.
1096 835 1177 900 quae
1212 816 1378 882 calamitae

283 919 353 984 sine
377 920 475 986 dubio
499 923 739 988 cavillationem
761 924 866 989 inviso
893 923 1041 990 omnibus
1072 933 1213 1012 tyranno
1238 924 1377 990 concita·

282 1026 328 1091 vit
348 1047 415 1094 non
436 1029 542 1096 minus
563 1033 728 1114 acerbam,
753 1053 848 1116 quam
871 1041 948 1097 nota
962 1031 1019 1096 illa
1033 1033 1074 1098 de
1084 1031 1218 1118 repulsa
1231 1032 1265 1096 in
1284 1032 1376 1118 poesi

282 1155 354 1200 cum
390 1136 468 1202 alias
501 1161 599 1226 saepe
631 1148 702 1204 tum
730 1139 870 1204 maxime
900 1137 1075 1229 Olympiae
1107 1151 1186 1205 tnnc
1219 1139 1291 1206 lata.
1335 1141 1375 1204 cf.

283 1244 419 1312 Diodor.
442 1243 508 1312 Sic.
529 1246 613 1313 XIV
635 1249 706 1334 109,
730 1247 795 1312 XV
817 1249 846 1331 7,
872 1246 1009 1335 Dionys.
1026 1247 1130 1313 Halia.
1145 1272 1176 1313 v.
1189 1248 1267 1333 Lys.
1286 1249 1374 1313 are.

283 1361 316 1416 at
337 1353 430 1436 haec,
451 1353 589 1441 inquies,
610 1363 646 1418 ut
667 1354 711 1418 ita
732 1355 806 1439 sint,
831 1377 894 1442 quo
916 1375 994 1420 vero
1017 1356 1088 1420 iure
1111 1351 1184 1420 fieri
1205 1353 1374 1420 credamus

281 1467 318 1524 ut
341 1459 376 1522 in
396 1481 493 1524 versu
504 1459 563 1524 illo
579 1471 875 1526 commemorentur
886 1459 1013 1527 Proclis
1026 1483 1091 1526 non
1110 1459 1263 1548 Dionysii
1275 1461 1375 1547 equi?

282 1566 317 1631 id
340 1566 482 1654 quidem,
516 1570 631 1652 fateor,
664 1569 810 1634 divinare
838 1589 912 1634 cum
933 1569 1041 1656 aliqua
1060 1570 1289 1656 probabilitate
1311 1589 1377 1637 non

284 1695 379 1758 queo.
423 1676 481 1740 sed
503 1697 563 1763 pro
585 1673 765 1741 Ptolemaei
787 1677 936 1741 acumine
958 1697 1085 1740 sumere
1102 1676 1268 1761 debemus,
1292 1677 1378 1742 istud

283 1802 357 1846 eum
379 1783 570 1868 quibusdam
590 1785 790 1871 argutiarum
803 1785 946 1850 artificiis
969 1784 1210 1849 mendaciorum
1233 1785 1378 1850 novitate

283 1890 370 1955 haud
402 1892 611 1957 reformidata
654 1901 818 1977 unicunque
858 1890 1058 1958 conciliasse.
1126 1891 1229 1955 veluti
1274 1891 1378 1978 possit

282 1999 428 2085 iactasse,
448 1999 600 2067 Proclem
620 2003 823 2088 proditorem
846 2001 954 2087 gratia
974 2025 992 2066 a
1013 1998 1174 2087 Dionysio
1198 2001 1280 2065 inita
1300 1999 1377 2065 huic

282 2107 324 2172 ad
346 2129 475 2173 manu-m
496 2109 616 2174 exinde
638 2111 738 2175 fuisse
755 2110 889 2196 eiusque
911 2109 1086 2198 quadrigas
1107 2109 1297 2198 Olympiam
1324 2108 1379 2174 de·

285 2217 428 2302 duxisse.
471 2237 611 2302 namque
624 2217 848 2282 Ptolemaeum
872 2219 1070 2284 nebulonem
1083 2218 1130 2282 illi
1142 2219 1251 2282 versui
1268 2227 1377 2282 emen·

282 2325 373 2390 titam
395 2323 699 2411 interpretationem
720 2323 907 2400 adhibuisse
929 2324 991 2388 nisi
1006 2333 1136 2388 ceterae
1149 2344 1229 2407 quas
1251 2323 1381 2410 profert

282 2431 428 2498 locorum
450 2423 688 2516 ἀπορουμένων
709 2433 929 2498 enarrationes
951 2453 1030 2496 sane
1060 2451 1155 2519 quam
1177 2449 1282 2496 novae
1304 2449 1377 2496 con·

283 2563 381 2608 sensu
404 2561 462 2606 suo
485 2541 672 2627 probarent,
704 2540 804 2628 ipsius
837 2542 884 2606 rei
918 2541 1052 2606 doceret
1074 2540 1167 2605 ratio.
1223 2539 1312 2624 quod
1342 2546 1380 2602 ut

282 2659 443 2738 patescat,
476 2669 540 2734 age
570 2649 767 2714 versiculum
798 2649 895 2713 istum
915 2669 1018 2738 prope
1040 2649 1231 2714 intueamur.
1275 2645 1383 2732 qualis

283 2766 342 2843 est,
363 2757 452 2826 unde
474 2755 620 2846 petitus?
664 2757 850 2825 Meinckius
877 2757 1007 2842 quidem
1029 2757 1050 2822 l.
1077 2779 1101 2824 a.
1124 2776 1197 2822 eom
1219 2757 1305 2822 inter
1327 2773 1377 2821 re·

175 2879 182 2888 ·
281 2864 398 2950 liqnias
433 2864 585 2949 Dionysii
616 2866 805 2930 comoediae
837 2863 955 2930 Eubuli
985 2863 1111 2950 posuit,
1142 2865 1260 2930 iniuria
1289 2874 1378 2952 puto.

283 2972 327 3038 ibi
353 2972 487 3038 enimsi
511 2974 588 3038 olim
605 2973 786 3059 legebatur,
809 2993 874 3060 quo
894 2983 990 3060 pacto
1012 2983 1124 3039 auctor
1145 2973 1252 3061 potuit
1278 2971 1378 3040 (lalli-

282 3082 397 3146 macho
422 3075 595 3166 ignorari?
648 3080 737 3145 dices
769 3070 929 3166 ἀγνοηθὲν
952 3075 1149 3166 Καλλιμάχῳ
1176 3079 1306 3144 nonnisi
1338 3079 1379 3144 ad

283 3191 383 3255 verba
405 3198 552 3276 spectare
573 3187 660 3254 ἐστὶν
756 3184 803 3264 οἷς
818 3181 991 3252 Διονύσιον
1010 3186 1176 3273 κωμῳδία,
1198 3198 1234 3253 ut
1256 3197 1380 3253 tonmm

282 3315 360 3361 vera
382 3293 607 3381 interpretatio
628 3293 869 3360 Callimachum
890 3292 1022 3356 latuisse
1044 3301 1205 3360 narretur.
1246 3303 1280 3358 at
1302 3311 1379 3362 con-

283 3406 387 3470 stabat
410 3403 495 3467 inter
517 3422 643 3480 omnes,
665 3410 764 3466 totam
790 3401 991 3466 comoediam
1014 3400 1048 3465 in
1071 3400 1224 3485 Dionysii
1247 3399 1377 3466 cavilla-

282 3513 404 3576 tionem
429 3511 548 3574 factam
570 3527 654 3574 esse.
696 3529 796 3592 quare
813 3509 887 3574 talis
911 3508 1125 3576 enarrationis
1139 3506 1193 3574 via
1209 3510 1378 3596 dignaris

282 3622 398 3686 fuisset
418 3619 597 3684 Ptolemaei
618 3617 753 3704 ingenio
774 3618 915 3706 librique
937 3617 1085 3682 consilio.
1126 3640 1175 3698 ac,
1209 3619 1243 3683 ni
1273 3619 1379 3701 fallor,

285 3730 381 3795 etiam
413 3728 483 3815 ipsa
515 3724 769 3814 Hephaestionis
802 3723 952 3791 Photiive
986 3724 1102 3810 oratio,
1137 3748 1201 3810 qua
1235 3725 1380 3812 graviter

256 3917 258 3922 Ι
284 3838 419 3904 effertur
448 3825 616 3919 Εὐβούλου
645 3833 714 3900 ἐστὶ
746 3836 818 3899 τοῦ
846 3835 1045 3917 κωμικοῦ,
1079 3853 1118 3898 eo
1148 3832 1251 3917 adigit
1279 3843 1315 3896 ut
1336 3832 1381 3896 itu

283 3944 391 4031 potius
426 3943 698 4031 interpretemur:
737 3941 874 4008 nescivit
905 3941 1126 4008 Callimachus
1162 3963 1292 4006 versum
1326 3930 1379 4020 χαὶ

284 4051 473 4136 Προκλέους
496 4061 556 4114 etc.
599 4072 670 4114 esse
694 4048 875 4114 cavillantia
897 4057 929 4114 et
952 4049 1085 4134 quidem
1107 4051 1147 4114 ab
1172 4045 1301 4111 Eubulo
1324 4065 1377 4110 co-

284 4157 370 4224 mico
390 4159 423 4224 in
445 4157 599 4245 Dionysii
621 4155 877 4222 ludificationem
903 4159 1032 4223 factum.
1079 4178 1140 4242 nec
1162 4176 1239 4220 vero
1252 4155 1292 4219 ab
1307 4154 1379 4241 ipso

284 4267 529 4355 Hephaestione
552 4274 602 4331 est
625 4267 802 4350 confictusr
832 4264 877 4330 ita
908 4265 995 4332 etaim
1025 4287 1107 4354 quae
1139 4263 1180 4328 de
1201 4247 1381 4331 nescientia

218 4401 221 4408 ·
286 4384 440 4466 secuntur
451 4373 644 4468 Callimachi
668 4395 767 4443 seusu
785 4395 922 4460 prorsus
934 4374 1091 4450 destituta
1100 4381 1222 4458 essem,
1239 4371 1274 4442 id
1294 4372 1381 4460 quod
