3156 5164
844 351 886 425 36

324 531 470 619 phoria
491 531 627 596 indicari
647 539 743 615 atque
767 525 856 614 ἱερὰν
876 529 999 596 πίδακα
1020 552 1090 596 esse
1118 530 1426 598 Callirrhoam.

320 642 348 705 is
369 641 457 706 enim
477 640 550 706 fons
573 663 646 706 cum
678 639 810 706 omnino
842 639 876 704 iu
905 662 1023 725 magno
1057 639 1182 705 honore
1205 638 1294 725 apud
1317 638 1425 704 Athe

322 749 454 814 nienses
476 749 651 814 haberetur
682 757 751 812 tum
773 747 807 812 in
829 747 928 812 sacris
961 749 1058 812 rebus
1078 745 1169 810 varie
1191 744 1423 828 adhibebatur,

318 867 355 921 ut
390 867 503 922 auctor
537 865 586 921 est
621 853 833 939 Thucydides
866 853 901 918 H
921 854 977 919 lb:
1011 853 1065 918 καὶ
1094 856 1133 942 τῇ
1160 849 1260 942 κρήνη
1286 857 1326 942 τῇ
1362 856 1435 918 νῦν-

318 960 377 1047 μὲν
395 966 461 1028 τῶν
487 957 651 1046 τυράννων
682 954 768 1026 οὕτω
797 953 1023 1026 οκεοασάντισν
1043 950 1277 1046 Ἐννεακρούνῳ
1299 961 1422 1027 καλου-

316 1071 395 1160 μένη
426 1066 465 1136 τὸ
499 1069 535 1135 δὲ
565 1063 668 1134 πάλαι
696 1070 847 1157 φανερῶν
879 1070 945 1132 τῶν
966 1071 1078 1152 πηγῶν
1100 1058 1207 1134 ου’σῶν
1227 1063 1420 1156 Καλλιρρόῃ

317 1169 530 1264 ῶνομασμένη
544 1175 663 1242 ἐκεῖνοὶ
676 1198 711 1239 τε
724 1171 813 1260 ἐγηῦς
831 1162 912 1262 σῶοη
926 1169 966 1237 τὰ
987 1173 1144 1240 πλείστου
1166 1164 1241 1255 ἶν’ξια
1263 1173 1416 1260 ἐχρῶντο,

313 1286 368 1350 καὶ
390 1287 445 1351 νῦν
468 1279 517 1349 ἔτι
536 1274 605 1349 ἀπὸ
624 1285 683 1349 τοῦ
706 1273 841 1366 οἷρχαίοο
871 1275 939 1365 πρό
968 1305 1004 1345 τε
1029 1283 1174 1366 γαμικῶν
1199 1281 1254 1347 καὶ
1277 1281 1310 1360 ἐς
1333 1273 1419 1348 ἄλλα

315 1399 382 1461 τῶν
405 1389 502 1481 ἱερῶν
523 1395 687 1479 νομίζεται
705 1399 752 1481 τῷ
773 1389 867 1460 ὕδατι
890 1398 1042 1481 χρῆσθαι.
1100 1416 1181 1478 quae
1205 1395 1337 1480 quidem
1360 1421 1415 1462 su-

314 1504 410 1590 spitio
432 1529 498 1570 non
520 1505 726 1570 mediocriter
751 1505 826 1568 inde
850 1505 1068 1585 confirmatur,
1097 1504 1184 1590 quod
1203 1524 1303 1589 super
1324 1505 1414 1570 hune

314 1611 421 1696 ipsum
452 1616 574 1676 fontem
605 1610 733 1676 Cereris
763 1621 795 1676 et
828 1611 1044 1697 Proserpinae
1080 1613 1238 1696 templum
1273 1613 1415 1698 (Eleusi-

312 1719 417 1803 nium)
441 1729 626 1785 extructum
649 1729 730 1803 erat;
760 1728 958 1808 quapropter
980 1721 1014 1782 in
1036 1720 1134 1784 sacris
1160 1721 1291 1786 Cereris
1313 1721 1411 1786 huius

312 1850 415 1911 aquae
444 1830 558 1914 procul
582 1828 680 1894 dubio
702 1851 778 1892 usus
800 1827 871 1891 fuit.
925 1828 1100 1894 Pausanias
1129 1829 1228 1893 114:
1261 1828 1294 1906 ἐς
1314 1827 1350 1894 δὲ
1372 1826 1413 1894 τὸ

313 1925 490 2021 >Αθηνησιν
514 1935 707 2002 ἐσελθοῦσιν
731 1927 848 2022 ᾠδεῖον
875 1926 956 2000 ἄλλα
974 1960 1009 2000 τε
1037 1936 1091 2000 καὶ
1123 1932 1282 2015 Arta-cog
1306 1941 1412 2001 κεῖται

310 2046 394 2120 θεᾶς
415 2035 515 2124 ἄξιος.
558 2043 698 2129 πλησίον
718 2043 754 2108 de'
777 2043 845 2109 ἐστι
866 2039 979 2132 κρήνη,
1011 2045 1144 2110 καλοῦσι
1161 2045 1202 2110 ,δὲ
1225 2037 1324 2130 αὕτὴν
1343 2036 1414 2110 Ἐν-

311 2144 504 2235 νεάκρουνον
525 2147 611 2217 οὕτω
641 2155 869 2236 κοσμηθεῖσαν
896 2148 963 2218 ὑπὸ
993 2149 1248 2238 Πεισιστράτου·
1285 2153 1413 2242 φρέατα

309 2256 369 2340 μὲν
390 2253 448 2344 γὰρ
469 2254 523 2324 διὰ
544 2254 653 2345 πάσης
673 2263 730 2346 τῆς
751 2255 883 2339 πόλεώς
904 2260 988 2339 ἐστι,
1024 2257 1110 2348 πηγὴ
1141 2260 1177 2327 δὲ
1208 2257 1287 2348 αῧτη
1315 2256 1409 2346 μόνη.

311 2366 383 2431 ναοὶ
406 2366 442 2432 δὲ
462 2363 545 2452 ὑπὲρ
575 2363 633 2455 την
661 2365 778 2456 κρήνην
807 2365 824 2436 ὁ
854 2369 912 2454 μὲν
943 2367 1114 2457 Δήμητρος
1146 2369 1325 2456 πεποίηται
1353 2370 1409 2434 καὶ

311 2468 431 2560 Κόρης,
455 2473 489 2538 ἐν
509 2474 545 2540 δὲ
565 2479 612 2560 τῷ
637 2475 864 2559 Τριπτολέμου
886 2473 1034 2559 κείμενόν
1055 2477 1144 2543 ἐστιν
1161 2469 1296 2562 dystro.

840 2849 916 2943 X',

417 3033 578 3098 Versibus
600 3033 698 3097 modo
723 3034 867 3097 tractatis
897 3055 962 3099 uon
986 3035 1091 3098 minus
1118 3036 1187 3100 fere
1210 3048 1261 3102 est
1283 3040 1406 3103 notabi-

310 3141 350 3204 lis
372 3163 409 3205 ac
433 3140 570 3206 celebris
595 3142 709 3226 hymni
731 3140 766 3206 in
786 3141 924 3205 Dianam
947 3141 1057 3230 scripti
1080 3164 1118 3206 ea
1139 3167 1225 3230 pars,
1247 3145 1304 3210 ubi
1319 3146 1406 3212 Mer·

313 3249 423 3314 curius
444 3260 592 3316 narratur
616 3251 750 3316 deorum
772 3251 896 3316 liberos
911 3251 963 3334 qui
978 3251 1159 3338 Olympum
1172 3254 1321 3318 habitent
1334 3277 1406 3318 curn

310 3359 394 3422 male
425 3381 460 3422 se
498 3369 616 3445 gerant
652 3363 911 3447 perterrefacere
951 3361 1041 3444 quasi
1073 3361 1231 3450 quaedam
1263 3357 1408 3445 Μορμῶ.

311 3467 424 3552 pulcre
447 3468 534 3531 enim
558 3466 694 3532 discitur
716 3468 778 3530 hoc
801 3469 965 3553 exemplo,
996 3491 1057 3552 qua
1085 3479 1153 3532 arte
1187 3469 1404 3534 Alexandrini

307 3585 425 3662 poetae
450 3576 585 3640 deorum
608 3575 758 3641 notiones
791 3576 966 3641 fabulando
995 3577 1037 3640 ad
1060 3577 1273 3644 humanarum
1295 3600 1405 3643 rerum

311 3683 556 3748 similitudinem
582 3693 744 3771 tamquam
770 3664 920 3749 ludentes
946 3684 1152 3752 traduxerint
1170 3688 1306 3774 illasque
1319 3686 1406 3751 affie-

307 3793 348 3856 tis
378 3793 464 3858 vitae
498 3791 695 3877 imaginibus
720 3793 760 3857 de
793 3793 902 3858 medio
932 3795 1103 3877 arcessitis,
1135 3797 1250 3880 quibus
1273 3795 1405 3860 omnino

308 3901 426 3965 mirum
453 3909 608 3985 quantum
628 3900 794 3980 favebant,
816 3901 850 3966 in
867 3900 1020 3967 humilius
1038 3903 1308 3968 transformarint.
1351 3925 1405 3991 op·

308 4021 449 4098 portune
471 4019 579 4076 autem
601 4009 721 4076 accidit
743 4010 819 4076 huie
841 4012 913 4076 loeo
937 4021 973 4075 ut
993 4021 1215 4077 enarraturam
1235 4013 1404 4077 nancisce-

305 4127 395 4182 retur
407 4118 595 4184 Mauritium
607 4117 784 4204 Hauptium
798 4141 806 4200 3
828 4141 859 4183 v.
872 4118 1025 4184 Berichte
1043 4119 1072 4182 d.
1086 4120 1207 4185 saechs.
1222 4119 1405 4188 Gerellseh.

305 4225 337 4289 d.
369 4226 572 4292 Wissensoh.
595 4226 648 4292 HI
669 4247 701 4313 p.
722 4227 763 4292 39
778 4248 848 4312 sqq.
901 4249 965 4313 qua
987 4226 1206 4313 disputatione
1228 4228 1305 4291 lieet
1331 4227 1405 4292 reli-

304 4355 367 4398 cua
390 4333 533 4400 feliciter
555 4337 771 4422 expediantur
784 4359 822 4402 ac
834 4336 996 4403 subtiliter
1008 4335 1211 4402 illustrentur
1226 4336 1405 4402 unitamen
