3156 5164
720 406 763 472 25

123 581 126 585 ’
200 592 284 658 alter
305 591 504 658 versiculum
525 591 622 656 istum
646 590 837 676 tetigerunt,
874 591 929 676 qui
949 612 1028 656 vero
1052 591 1215 676 caligines
1237 593 1296 658 oir-

198 701 362 766 cumfusas
384 699 548 765 discutere
571 699 752 785 susciperet
775 697 884 764 extitit
906 720 1013 764 nemo.
1071 700 1136 764 iam
1167 723 1225 766 nos
1249 701 1295 764 vi·

199 809 331 875 deamus
357 808 435 893 quid
455 807 555 874 simus
575 807 709 895 proprio
732 805 838 870 Marta
859 807 1051 892 profecturi.
1095 807 1184 892 quod
1208 807 1296 874 enim

197 927 271 1007 post
302 916 509 982 Horcherum
536 915 678 1002 pessime
709 913 774 978 iam
803 912 893 978 audit
925 911 1104 980 Ptolemaei
1135 937 1296 980 novorum

198 1027 340 1092 auctoris
363 1023 548 1108 nomenffl),
582 1046 649 1089 non
683 1021 836 1088 continuo
858 1022 1031 1110 indignum
1056 1023 1218 1088 enodandi
1241 1047 1294 1089 co·

197 1143 275 1200 natu
298 1143 401 1201 totum
423 1133 593 1221 problema
624 1141 682 1198 est.
737 1131 857 1218 quippe
893 1133 992 1198 talem
1019 1134 1168 1198 novimus
1199 1134 1297 1200 istum

201 1266 266 1309 non
290 1242 343 1327 qui
369 1263 458 1308 mera
482 1252 513 1306 et
536 1240 646 1306 inania
667 1239 792 1306 somnia
812 1249 941 1326 promat
956 1240 1014 1305 sed
1032 1241 1087 1326 qui
1102 1243 1188 1309 veris
1200 1251 1295 1308 testa·

197 1351 279 1420 tisve
302 1349 528 1416 commenticia
541 1370 691 1434 novaque
709 1371 782 1412 cum
802 1349 940 1436 quadam
956 1350 1082 1416 ratione
1093 1360 1297 1436 superstruat

197 1469 295 1549 atquo
335 1459 480 1545 affingat.
537 1458 690 1545 quocirca
721 1457 749 1521 si
779 1457 863 1522 nihil
897 1457 985 1523 aliud
1017 1467 1106 1524 certe
1137 1459 1296 1526 rationem

200 1566 447 1634 mendaciorum
469 1575 505 1630 nt
538 1564 774 1653 perspiciamus
802 1587 933 1651 operam
967 1565 1131 1650 dabimus,
1166 1566 1296 1632 interim

198 1673 393 1742 curiositatis
417 1674 501 1737 male
522 1672 656 1738 sedulae
681 1672 892 1758 opprobrium
916 1672 1294 1761 haudpertimesoentes.

303 1783 356 1846 Ac
380 1781 461 1846 ratio
493 1780 652 1846 irrisionis
679 1780 811 1867 quidem
839 1803 905 1846 non
933 1791 998 1846 tam
1026 1791 1075 1846 est
1103 1782 1295 1848 abscondita

202 1913 297 1976 quam
318 1890 490 1956 videbatur
502 1888 678 1956 Meinekio.
716 1890 841 1956 Proclis
858 1890 962 1978 equis,
986 1891 1066 1956 dicit
1078 1890 1296 1974 Ptolemaeus,

197 1993 406 2085 ψαλάκανθα,
443 2021 538 2083 quam
565 1997 657 2083 cquis
688 1999 1086 2088 circumligatam³³)
1118 1998 1224 2085 gloria
1246 2021 1295 2064 se·

197 2107 305 2197 quitur
325 2131 362 2172 ac
384 2107 532 2190 felicitas,
558 2107 632 2172 data
656 2116 704 2172 est
727 2106 933 2174 comeden
946 2107 1003 2190 da,
1026 2107 1123 2195 plane
1140 2117 1175 2176 ut
1197 2131 1294 2196 paga·

196 2239 258 2284 nus
278 2216 340 2282 iste
361 2215 524 2304 absorpsit
545 2225 750 2301 unguentum
774 2217 860 2304 quod
884 2219 970 2284 cruri
985 2240 1087 2303 aegro
1101 2216 1294 2298 illinendum

195 2335 412 2412 praeceperat
432 2324 589 2390 medicus.
639 2347 681 2390 ex
702 2325 766 2390 hoc
785 2325 885 2412 igitur
905 2327 997 2392 fatali
1023 2348 1135 2392 errore
1158 2346 1295 2391 necesse

196 2442 245 2498 est
267 2433 431 2519 Dionysio
455 2443 594 2519 tyranno
627 2455 687 2519 pro
716 2437 857 2500 victoria
888 2449 917 2500 et
943 2432 1119 2520 felicitate·
1135 2457 1177 2499 ex
1201 2433 1294 2519 aquis

195 2551 326 2628 sperata
346 2540 471 2626 aliquid
492 2541 622 2608 ridiculi
644 2541 815 2610 infortunii
836 2543 976 2627 venisse,
998 2544 1038 2608 ad
1064 2543 1152 2630 quod
1172 2543 1234 2608 ista
1247 2538 1294 2620 εἰς

194 2644 368 2718 Διονύσιον
389 2649 547 2736 κωμῳδία
569 2652 731 2738 spectarit.
775 2653 870 2739 quale
892 2652 919 2718 si
938 2651 1217 2738 circumspicimus
1229 2671 1294 2714 non

196 2781 392 2848 quaeremus
406 2759 636 2846 nequicquam.
667 2760 834 2828 Diodorus
852 2760 918 2829 sie.
931 2761 1016 2828 XIV
1029 2760 1089 2824 108
1101 2782 1150 2845 sq.
1171 2768 1295 2826 narrat:

194 2863 402 2956 χρονιζούσης
429 2867 465 2936 δέ
486 2871 544 2956 τῆς
563 2868 757 2955 πολιορκίας
788 2863 842 2934 διὰ
872 2864 911 2936 τὸ
939 2864 1016 2948 τούς
1039 2864 1199 2955 Ῥηγίνους
1219 2859 1295 2934 τίνυ-

193 2976 377 3064 πέρβλιμον
399 2974 614 3068 εἰσφέρεσθαι
636 2974 785 3066 σπουδὴν
805 2974 888 3064 ὑπὲρ
911 2981 969 3066 τῆς
992 2977 1191 3064 ἐλευθερίας,
1215 2981 1295 3044 Διο-

193 3081 303 3165 νύσιος
323 3081 381 3165 τὰς
399 3086 459 3171 μέν
472 3082 624 3170 δυνάμεις
643 3089 788 3168 συνεῖχεν
809 3085 842 3152 έν
856 3090 929 3165 ταῖς
951 3088 1033 3166 καθ’,
1051 3083 1172 3174 ἡμέραν
1187 3108 1294 3172 προσ-

192 3195 307 3277 βολαῖς
328 3195 383 3261 καί
404 3191 463 3282 τὴν
484 3194 520 3276 ἐξ
539 3185 639 3278 ἀρχῆς
659 3190 827 3280 πρόθεσιν
849 3186 908 3262 οὐκ
931 3195 1146 3280 ἑγιατέλειπε,
1178 3199 1244 3260 τῶν
1263 3195 1291 3262 δ’

193 3295 364 3387 ὀλυμπίων
384 3299 474 3390 ἐγγυς
495 3293 599 3370 ὄντων
620 3295 812 3370 ἀπέστειλεν
832 3301 879 3383 είς
897 3301 955 3371 τὸν
983 3295 1091 3390 ἀγῶνα
1119 3305 1294 3388 τέθριππα

192 3411 298 3478 πλείω
321 3411 517 3501 διαφέροντα
540 3407 627 3479 πολι)
649 3415 715 3477 τῶν
737 3401 844 3479 ίίλλων
874 3417 946 3492 τοῖς
967 3408 1078 3495 τάχεσι
1101 3413 1156 3480 καὶ
1177 3407 1295 3500 σκηνὰς

191 3517 240 3598 εἰς
254 3515 313 3608 τὴν
335 3515 513 3609 πανήγυριν
533 3516 727 3608 διαχρύσους
746 3522 802 3588 καί
816 3521 1011 3590 πολυτελέσι
1030 3521 1195 3600 ποικίλοις
1220 3517 1295 3606 ίμα-

190 3628 274 3707 τίοις
311 3629 552 3716 κεκοσμημένας
573 3681 704 3697 .....
733 3633 793 3698 τοῦ
830 3631 859 3696 d’
881 3623 1006 3716 ἀγῶνος
1039 3629 1293 3713 συντελουμένου

192 3733 413 3821 συνέβηαατὰ
432 3734 530 3824 τέχην
550 3743 617 3804 τῶν
638 3740 812 3808 Διονυσίου
832 3740 1035 3823 τεθρίππων
1054 3735 1095 3806 τὰ
1115 3737 1175 3822 μέν
1197 3738 1295 3806 έαπε-

192 3845 263 3908 σεῖν
285 3841 320 3908 ένι
340 3847 400 3909 τοῦ
424 3841 558 3929 δρόμου,
582 3843 672 3914 τὰδ’
698 3840 849 3936 ἀλλήλοις
871 3843 1057 3930 ἐμπεσόντα
1078 3849 1295 3933 συντριβῆναι,
1325 3933 1330 3940 Ι

297 4130 342 4194 32)
362 4133 391 4184 R.
408 4132 529 4184 Hsrohsr
548 4134 629 4185 usbar
648 4134 672 4184 d·
690 4097 956 4204 Glaubwusrdlgkeit
970 4139 1016 4190 der
1032 4154 1121 4190 neuen
1134 4139 1294 4190 Gesohichta

190 4226 237 4278 dea
249 4227 420 4280 Ptolomaeus
437 4227 564 4278 Chennus
576 4224 653 4279 1856.
674 4243 744 4296 quae
763 4233 950 4283 commentatio
970 4248 1087 4286 seorsum
1107 4231 1179 4284 edita
1197 4237 1237 4284 sat
1255 4249 1289 4282 ex

191 4321 384 4387 supplementis
403 4322 540 4374 annalium
563 4323 729 4376 Fleckeisani
751 4327 806 4391 lp.
829 4323 881 4378 269
894 4343 950 4396 sqq.

290 4415 338 4484 38)
356 4421 398 4472 Ds
415 4409 591 4487 τεριάμμασι
612 4421 646 4473 ct.
665 4419 823 4476 wolckerus
841 4419 878 4474 ld.
896 4419 973 4474 Schr.
992 4423 1030 4474 111
1047 4439 1073 4490 p.
1092 4419 1126 4474 71
1146 4437 1184 4486 sq.
