3156 5164
730 417 771 482 13

208 600 370 686 Aratique
381 598 603 664 considerabis
619 599 807 682 sententias,
830 601 946 684 quibus
960 599 1180 668 Callimathea
1197 604 1305 690 aequi·

206 716 348 796 paratur.
369 707 564 792 requirimus
586 707 671 774 enim
687 729 766 794 prae
788 708 905 772 ceteris
922 709 1109 793 exiguitatis
1125 710 1306 796 notionem,

206 835 288 898 quae
320 838 395 880 cum
424 815 638 899 grammatico
670 815 765 879 unice
788 816 1018 880 obversaretur
1038 826 1211 885 contentus
1237 829 1306 884 erat

206 922 247 1010 ad
262 922 382 990 lemma
396 916 522 990 τυτθὸν
531 916 590 1007 γάρ
604 921 791 987 adscribere
800 925 1000 988 Arateorum
1013 924 1096 990 nihil
1109 924 1194 988 ultra
1205 925 1306 992 haec:

208 1021 317 1116 ὀλίγον
338 1028 375 1096 δὲ
397 1025 451 1095 διὰ
482 1024 586 1110 ξύλον,
619 1030 681 1094 nisi
705 1032 790 1096 forte
812 1051 873 1118 per
895 1031 1104 1098 librariorum
1134 1042 1305 1122 excerpto·

205 1160 343 1227 rumque
366 1138 532 1227 pigritiam
559 1139 707 1204 mutilata
735 1148 784 1204 est
806 1139 968 1205 sententia
989 1141 1108 1228 phaen.
1131 1139 1211 1208 299:
1242 1133 1305 1208 ‹tu-

205 1268 262 1332 yov
295 1245 331 1312 δὲ
360 1242 414 1312 διὰ
436 1239 532 1328 ξύλον
563 1237 625 1312 ‹iii'd’
657 1241 773 1331 ἐρύκει.
807 1250 916 1335 itaque
939 1250 1008 1314 noli
1037 1249 1198 1335 dubitare,
1228 1250 1306 1336 quin

207 1355 424 1424 Callimachus
448 1381 514 1426 non
537 1359 705 1446 scripserit
733 1357 855 1441 μέσσον
887 1359 946 1424 scd
976 1361 1084 1446 potius
1108 1364 1305 1444 μεῖονον.

204 1466 289 1531 hanc
313 1467 398 1531 enim
420 1467 620 1532 rarissimam
643 1467 782 1533 formam
811 1468 1041 1555 superlativum
1070 1469 1225 1534 adiectivi
1252 1495 1306 1553 μι-

204 1569 282 1658 κρός
300 1572 403 1658 μείων
432 1575 484 1660 (ut
513 1572 639 1640 πλείων
667 1575 837 1654 πλεῖστος)
866 1576 1008 1642 servavit
1029 1575 1227 1661 Hesychius,
1252 1577 1305 1662 qui

206 1681 324 1769 ipsum,
348 1682 382 1744 ni
404 1682 523 1768 fallorp
538 1680 774 1747 Callimachum
799 1694 836 1746 ut
859 1683 1004 1747 centiens
1026 1683 1107 1748 alias
1129 1684 1229 1749 tacite
1256 1704 1305 1750 re·

206 1789 347 1874 spiciens
363 1790 401 1872 16)
425 1790 551 1855 scribit:
572 1794 717 1873 μεῖοτον.
741 1784 916 1870 ἐλάχιστον.
940 1790 981 1854 de
1004 1793 1121 1856 ceteris
1139 1793 1304 1880 aliquanto

208 1895 314 1962 minus
339 1897 528 1985 expeditum
550 1908 599 1964 est
621 1897 787 1964 iudicium.
822 1898 857 1963 in
872 1896 929 1964 ἐπί
949 1900 1051 1965 ferret
1069 1923 1148 1966 sane
1170 1902 1306 1967 metrica

210 2005 402 2073 Callimachi
425 2032 478 2073 ars
500 2010 695 2097 productam
718 2009 782 2074 arsi
800 2034 816 2075 a
838 2019 913 2075 ante
935 2035 952 2075 ν
980 2033 1047 2076 non
1077 2011 1184 2076 minus
1210 2033 1322 2096 quam.

204 2121 265 2187 ἐπὶ
286 2122 366 2208 μέγα
386 2125 422 2191 in
443 2124 540 2190 Dian.
564 2125 605 2191 55
627 2135 659 2190 et
681 2125 715 2190 61
722 2177 732 2209 ,
756 2123 803 2192 ἔνι
823 2121 963 2212 Λιπάρῃ
985 2126 1064 2192 ibid.
1078 2126 1130 2210 47,
1151 2123 1239 2211 μάλα
1249 2127 1304 2212 μέ·

127 2293 130 2297 Α
203 2253 261 2316 γαν
283 2232 361 2298 ibid.
389 2234 462 2317 1503
478 2233 515 2317 ¹⁷)
539 2234 636 2298 etiam
655 2255 736 2322 quae
756 2233 920 2320 Cyrenaei
943 2237 1126 2302 verbacsse
1151 2237 1304 2303 dicuntur

202 2443 449 2452 ffl—--o-,.

302 2584 346 2650 16)
368 2588 445 2638 eddo
472 2590 524 2644 hac
560 2567 702 2640 occasione
733 2589 805 2657 quod
831 2591 859 2640 in
884 2591 1108 2642 commentatione
1135 2591 1169 2644 de
1195 2591 1301 2644 Gallim.

205 2685 271 2751 Gyd.
292 2701 317 2750 p.
337 2681 373 2735 88
392 2685 556 2736 afferendum
576 2691 633 2736 erat
655 2687 746 2736 incerti
765 2692 862 2752 poetae
883 2689 932 2752 frg·
951 2687 985 2742 ab
1007 2687 1144 2754 Hesychia
1168 2693 1304 2740 servatum

205 2776 321 2836 εἴδεος
338 2760 396 2843 ἧκε
415 2779 533 2838 σέλας·
562 2781 673 2850 μορφῆς
699 2776 795 2852 ἀφῆκε.
818 2782 886 2852 φῶς,
915 2786 1028 2837 fortasse
1050 2803 1084 2836 ex
1102 2787 1161 2852 ipsa
1181 2787 1305 2853 Cydippe

204 2876 274 2926 illud
293 2893 310 2926 a
325 2877 470 2942 Pamphilo
491 2883 653 2943 excerptum.
673 2884 705 2940 ,et
725 2879 758 2930 de
777 2881 891 2936 Acontio
913 2896 957 2932 rus
974 2882 1058 2932 itante
1076 2896 1092 2930 a
1112 2882 1304 2950 sodalibusque

205 2971 303 3024 Laerta
327 2973 388 3024 hinc
414 2975 552 3038 appellato
574 2977 687 3026 fortasse
708 2983 861 3042 usurpatum
888 2983 928 3028 est
952 2978 1115 3046 uocabulum
1135 2969 1302 3047 ἆγρομανής,

206 3067 278 3133 quod
306 3070 417 3120 restituit
442 3070 590 3120 Meinehius
620 3067 721 3134 (philol.
751 3071 854 3122 XVllll
882 3089 908 3136 p.
936 3069 999 3136 717)
1029 3073 1102 3138 apud
1137 3075 1303 3140 Hesychium

204 3153 372 3231 ἀγρομενής·
392 3158 407 3214 ὁ
427 3163 458 3214 ἐν
474 3157 550 3232 ἀγρῷ
569 3163 716 3232 διατρίβων
739 3166 784 3214 καὶ
806 3167 844 3222 εἰς
861 3156 930 3216 ἄστυ
946 3165 986 3234 μὴ
1005 3159 1114 3218 κατιών,
1141 3170 1176 3219 ad
1197 3170 1304 3220 acontii

206 3259 400 3328 Cydippaeque
424 3277 595 3328 congressum
618 3259 663 3318 (cf.
682 3263 700 3312 l.
719 3269 738 3313 s'.
759 3280 784 3328 p.
803 3261 839 3315 49
858 3261 927 3331 sqq.)
953 3265 1032 3315 facile
1058 3271 1162 3330 spectat
1183 3265 1302 3316 eiusdem

206 3356 334 3422 Hesychii
352 3356 443 3422 glossa
461 3347 586 3420 ἥρολον
603 3345 705 3425 ἧφιαρ.
723 3351 796 3408 καθὸ
806 3350 967 3410 ἀπαντῶσιν
984 3345 1159 3424 circumdati
1171 3349 1302 3428 sinciput.

203 3441 284 3517 1ερόν.
310 3455 342 3502 cf.
371 3453 475 3502 Gallim.
496 3456 545 3518 frg·
565 3449 617 3506 455
637 3455 715 3504 Blmf.
755 3455 875 3506 indidem
901 3462 1012 3523 possunt
1037 3456 1117 3508 ducta
1143 3474 1201 3509 esse
1221 3459 1302 3510 rerba

204 3539 349 3616 νύμφην
367 3563 405 3615 γε
423 3550 463 3600 νέ
468 3563 512 3613 ην.
534 3551 632 3600 νεωστὶ
651 3553 886 3620 νενυμφευμένην.
925 3553 1088 3606 Callimachi
1107 3554 1302 3606 hemistichium

203 3644 230 3693 in
251 3645 334 3695 schol.
355 3646 437 3710 Soph.
459 3648 549 3712 Antig.
570 3646 638 3702 1036
657 3633 823 3711 ἐποιήσαντό
840 3663 878 3716 με
896 3639 1010 3718 φόρτον,
1037 3649 1109 3717 quod
1129 3651 1255 3702 omissum
1277 3658 1303 3703 et

203 3739 230 3788 in
249 3741 454 3804 fragmentorum
474 3744 633 3794 Callimachi
652 3745 810 3796 collectione
830 3751 856 3795 et
873 3746 900 3796 in
921 3747 1081 3798 scholiorum
1104 3745 1244 3812 Sophoclis
1263 3749 1302 3798 in·

205 3834 306 3885 dicibua
331 3838 431 3888 monuit
448 3838 501 3888 iam
526 3840 557 3891 G.
578 3841 691 3891 Wolfius
710 3841 743 3890 de
762 3842 870 3892 scholiis
889 3840 972 3907 Soph.
993 3840 1179 3892 Laurentianis
1210 3859 1236 3907 p.
1258 3839 1304 3904 23,

204 3932 316 3982 Acontio
336 3931 400 3982 dare
419 3935 537 4000 querenti
556 3935 638 3997 nolui,
651 3935 763 4001 perinde
778 3941 857 4004 atque
876 3937 930 3986 alia
947 3936 1081 4004 quaedam
1101 3937 1224 4000 frustula,
1244 3939 1301 4005 qui-

201 4029 252 4079 bus
267 4043 398 4078 exornare
418 4029 532 4080 eundem
549 4031 638 4081 locum
658 4035 787 4096 poteram.

303 4123 345 4188 17)
365 4126 514 4177 Meinehius
534 4127 637 4178 Gallim.
650 4145 673 4192 p.
686 4126 738 4180 232
755 4131 810 4179 huc
828 4129 908 4180 trahit
922 4131 1000 4180 etiam
1019 4130 1046 4180 in
1065 4131 1124 4181 Del.
1145 4128 1195 4184 29t
1216 4117 1303 4188 Orinlr

199 4235 227 4270 rs
246 4213 327 4278 Λοξώ
345 4235 372 4272 τε
395 4228 422 4272 et
440 4223 468 4274 in
495 4223 549 4273 lov.
569 4221 604 4276 36
622 4213 692 4290 μετά
709 4237 742 4289 γε
758 4215 852 4290 Στύγα
871 4239 901 4276 τε
918 4215 1039 4294 Φιλύρην
1056 4240 1094 4289 τε,
1115 4232 1301 4295 praeterquam

201 4318 273 4384 quod
292 4319 319 4369 in
340 4319 429 4370 Cerer-
452 4318 502 4372 103
528 4320 681 4373 coniectura
701 4321 727 4372 ni
748 4322 827 4372 fallor
846 4337 1051 4388 supervacanea
1065 4324 1140 4389 ponit
1157 4321 1199 4375 ἐν)
1215 4313 1301 4374 θαλά-

200 4427 303 4481 μοισιν.
324 4421 350 4466 at
369 4417 478 4468 interest
498 4417 600 4485 aliquid
624 4418 692 4468 inter
709 4419 757 4468 illa
785 4433 854 4485 quae
874 4434 954 4484 supra
973 4421 1179 4472 commemorari
1199 4425 1224 4471 et
1240 4419 1299 4481 duo
