3156 5164
823 402 865 467 38

306 585 357 650 ed.
369 584 539 668 Heeren.),
560 582 792 667 κεχρωσμένος,
817 580 1019 668 κεχρημένος.
1052 591 1149 665 atquc
1161 591 1233 646 octo
1254 583 1408 646 versibus

305 703 380 781 post
409 717 521 760 rursus
552 695 679 760 variant
700 692 790 760 libri:
825 690 1029 778 κεχρημένος,
1061 687 1296 774 κεχρωσμένος.
1337 691 1406 756 iam

305 803 362 867 vix
385 826 460 868 casn
481 805 603 869 factum
624 803 723 886 dices,
747 801 833 889 qnod
854 801 1053 887 hymnorum
1070 800 1156 864 liber
1168 799 1406 865 Vindobonen-

307 911 351 976 sis
372 916 451 976 antia
475 911 624 976 mirabili
645 933 767 992 errore,
790 920 826 975 ut
849 910 1021 974 videbatur
1040 907 1218 992 Meinekio,
1241 907 1324 972 hanc
1338 907 1405 972 dis·

306 1020 504 1109 crepantiam
521 1022 638 1086 habet:
667 1016 861 1104 κεχρημένος
878 1007 906 1082 di
913 1041 1028 1101 μους.
1085 1039 1160 1081 nam
1188 1017 1275 1081 ultro
1298 1015 1406 1080 nusci-

307 1136 359 1192 tur
381 1128 528 1215 suspitio,
551 1128 585 1194 in
608 1127 789 1193 vetustiore
811 1126 951 1213 quodam
975 1125 1186 1228 librosque
1213 1123 1406 1190 fluxitVin-

306 1293 502 1359 debonensis
538 1293 697 1383 scriptum
736 1293 837 1359 fuisse
868 1232 1100 1379 aesquilii‘iii„
1123 1293 1199 1358 dein
1234 1289 1406 1356 librarium

307 1402 542 1494 correctionem
562 1403 645 1469 falso
668 1404 789 1487 legisse
805 1441 843 1451 -
866 1412 942 1467 sunt
964 1402 1052 1467 enim
1074 1401 1239 1467 simillima
1260 1401 1407 1480 interae
1505 1417 1507 1426 ’

307 1510 498 1596 compendia
520 1534 603 1595 quae
626 1511 812 1598 significant
833 1535 959 1594 ωμενος
979 1521 1011 1575 et
1033 1500 1145 1593 (ἶν’μοος
1161 1547 1199 1559 -
1216 1509 1314 1598 inquo
1329 1530 1404 1573 ver-

307 1640 378 1683 sum
401 1618 565 1706 recepisse
588 1619 644 1684 ubi
667 1618 831 1704 expulerit
849 1614 1144 1704 vocabulumoidp}
1187 1639 1301 1705 parum
1315 1616 1406 1681 enim

309 1735 358 1791 est
381 1727 529 1813 apposita
550 1727 592 1791 ad
604 1726 869 1816 persuadendum
890 1727 1048 1792 Meinekii
1063 1726 1269 1803 coniectura:
1298 1725 1405 1788 obaer-

307 1833 444 1899 ocbatur
481 1834 619 1898 librario
652 1833 862 1899 Homericum
892 1832 1060 1919 εἰλυμένος
1090 1824 1209 1916 ὤμους,
1263 1833 1405 1918 denique

306 1943 400 2031 sequi
421 1943 518 2007 etiam
540 1943 670 2008 videtur
691 1965 709 2008 e
729 1944 819 2009 varia
838 1945 981 2010 lectione
1004 1934 1130 2029 εἶν’μοος,
1154 1942 1403 2032 praeferendam

306 2051 340 2117 in
362 2051 436 2117 loco
458 2052 623 2140 praesenti
646 2073 717 2116 esse
738 2051 942 2137 κεχρωμένος
963 2051 1100 2118 formam
1122 2053 1218 2117 alteri
1246 2073 1327 2140 quae
1355 2049 1403 2116 in·

310 2160 432 2226 feriore
454 2169 557 2224 aetate
581 2159 721 2224 obtinuit
743 2159 977 2245 κεχρωσμένος.
1020 2182 1102 2247 quae
1125 2160 1222 2226 simul
1246 2159 1402 2225 correctio

307 2291 381 2334 cum
403 2267 508 2334 lenior
529 2278 597 2333 tum
619 2289 699 2332 vero
725 2291 767 2334 ex
788 2269 946 2334 sermonis
968 2269 1093 2334 ratione
1115 2268 1402 2334 commendabilior

307 2386 367 2462 est,
389 2377 417 2442 si
439 2376 570 2462 quidem
588 2387 678 2442 recte
691 2376 812 2442 iudicat
828 2377 1042 2442 Buttmannns
1054 2377 1233 2442 ausluehrl.
1249 2373 1403 2462 Sprachl.

306 2485 395 2574 Hp.
418 2483 497 2568 331;
520 2487 561 2550 cl.
584 2485 771 2552 Lobeckius
792 2485 834 2552 ad
859 2483 963 2574 Sopb.
984 2485 1080 2551 Aioc.
1101 2507 1132 2551 v.
1157 2484 1219 2552 704
1240 2506 1272 2570 p.
1296 2481 1367 2548 316.

827 2743 890 2812 XI.

406 2930 449 2995 In
484 2927 728 3016 epigrammatis
764 2925 991 2994 Callimacheis
1025 2929 1210 2995 etiamnunc
1241 2930 1400 3016 quaedam

307 3043 382 3100 sunt
403 3042 590 3122 aporemata
606 3032 751 3099 nondum
763 3033 912 3098 enodata.
946 3034 997 3099 his
1018 3035 1105 3101 enim
1125 3037 1297 3124 poematiis
1308 3058 1400 3124 prae·
1424 3013 1428 3021 Ι

307 3153 358 3210 ter
381 3165 587 3210 communem
610 3143 748 3208 Palatini
779 3143 855 3207 libri
884 3144 1147 3230 depravationem
1179 3147 1290 3220 offecit
1327 3167 1401 3234 pro·

304 3253 377 3339 pria
398 3252 513 3334 virtus,
550 3262 643 3318 acuta
666 3276 704 3318 ao
724 3251 834 3318 decisa
855 3253 997 3318 brevitas
1022 3263 1133 3320 nostro
1162 3255 1216 3340 qui
1246 3277 1321 3320 sero
1353 3255 1401 3318 vi-

306 3383 418 3426 vamus
440 3359 561 3426 indicio
585 3361 774 3426 obscuritati
796 3383 892 3446 saepe
915 3362 1073 3450 proxima.
1110 3385 1172 3446 quo
1195 3359 1231 3430 fit
1253 3371 1290 3428 ut
1311 3362 1399 3427 haud

305 3492 382 3536 raro
405 3471 492 3535 etin
514 3468 674 3555 corruptis
697 3471 852 3534 tentantis
875 3480 982 3535 certae
1006 3471 1284 3559 interpretationis
1306 3492 1399 3560 prae·

222 3592 225 3596 ’
279 3649 281 3655 ,
306 3577 389 3644 sidio
413 3575 626 3642 destituamur
657 3585 689 3640 et
712 3599 831 3641 vacuos
862 3577 1070 3665 corruptione
1097 3599 1209 3644 versus
1226 3581 1273 3664 ob
1298 3579 1399 3664 impe·

306 3687 406 3753 ditam
428 3685 606 3753 sententiae
628 3687 786 3750 rationem
804 3694 1035 3771 suspectemua
1058 3685 1187 3752 illustre
1212 3688 1399 3770 exemplum

306 3805 356 3862 est
370 3775 475 3881 epigr.
490 3793 623 3862 XLVII
643 3777 764 3860 eximie
786 3794 932 3883 lepidum
951 3805 984 3860 et
1006 3805 1147 3862 acutum.
1189 3796 1280 3862 cuius
1303 3795 1398 3864 ratio-

305 3925 381 3968 nem
392 3902 593 3968 reconditam
613 3902 782 3987 ingeniosa
795 3901 949 3967 felicitate
967 3903 1012 3968 ita
1026 3904 1154 3990 aperuit
1165 3902 1396 3987 Bentleius,⁶¹)

305 4021 341 4078 ut
364 4034 429 4076 una
449 4012 568 4077 vocula
588 4011 708 4077 leniter
728 4010 895 4077 immutata
909 4011 1099 4096 quibusdam
1120 4032 1214 4078 secus
1232 4022 1329 4098 atque
1345 4035 1398 4078 an·

305 4197 553 4208 *nn——

405 4296 450 4364 51)
472 4299 512 4350 cf.
533 4292 669 4365 Bentley’s
689 4299 906 4364 Abbandlungen
930 4299 1012 4352 nabor
1038 4299 1082 4350 die
1103 4299 1193 4352 Brinta
1212 4299 1258 4350 das
1277 4297 1398 4348 Phalarls

307 4392 422 4450 deutsch
442 4409 466 4472 p.
488 4392 579 4445 Wold.
598 4393 722 4444 Ribbeck
738 4411 764 4460 p.
786 4393 935 4445 xxxvffl.
