3156 5164
723 419 763 484 41

199 599 363 665 actoribus
378 597 488 686 suerit
510 593 530 686 ἡ
551 598 661 684 διπλῆ.
703 607 808 664 macte
832 606 911 682 esto,
933 596 985 664 his
1007 599 1062 686 qui
1083 599 1132 663 uti
1153 597 1294 686 poteris!

200 720 232 773 at
258 709 383 774 cunctis
414 707 484 773 istis
508 707 805 792 interpretamentis
827 729 869 772 ne
899 707 1001 773 hilum
1025 709 1157 793 quidem
1179 710 1296 796 profici

200 817 305 906 quivis
324 817 510 905 pervidebit
532 839 569 880 ac
593 815 748 900 religiose
767 817 942 884 refellendi
964 818 1118 904 ambages
1140 819 1295 883 remittet.

198 921 337 992 διπλόον
357 947 419 990 nac
440 925 549 989 littere
573 935 621 989 cst
636 923 856 1011 Pythagorica
867 925 993 990 bifurca
1013 947 1074 990 nec
1088 925 1213 990 bivium
1232 948 1294 992 nec

198 1034 324 1120 duplex
344 1033 443 1097 vestis
473 1055 533 1098 nec
557 1033 655 1121 dipla.
709 1056 846 1120 quorum
868 1032 950 1098 nihil
981 1035 1036 1098 vel
1058 1055 1133 1098 eum
1159 1033 1295 1101 Graecis

199 1141 264 1205 coit
281 1121 335 1204 vel
358 1139 398 1204 ad
419 1141 549 1229 planam
577 1141 666 1205 ducit
693 1151 790 1225 etque
812 1150 920 1228 aptam
943 1142 1150 1206 sententiam.
1187 1143 1296 1227 itaque
1359 1193 1361 1198 ,

199 1249 440 1316 assentiendum
456 1247 620 1313 Meinekio
644 1259 713 1313 est:
737 1249 845 1313 adduc
866 1249 1096 1314 obscuresceret
1118 1250 1217 1314 serbo
1239 1241 1300 1316 ἀνὰ

197 1353 292 1446 τήνδε
310 1385 351 1406 ·-
374 1358 498 1442 Σαμίου
529 1353 668 1452 διπλόον
698 1361 795 1421 etiam
824 1371 899 1441 post
926 1357 1073 1422 Bentleii
1101 1372 1131 1422 et
1154 1357 1300 1423 Iooobeii

199 1469 457 1553 eoaplicatiortes;
497 1490 556 1531 nec
597 1467 770 1555 quidquam
808 1469 982 1551 proficitur
1016 1469 1297 1532 animadversione

200 1575 348 1640 Heolceri
370 1589 426 1640 etc.

299 1683 431 1750 Cultum
461 1676 621 1748 Διονύσου
658 1675 830 1767 κεχηνότος
843 1681 885 1767 ⁵⁴)
918 1683 1007 1751 Sami
1039 1685 1117 1750 olim
1150 1684 1296 1749 extitisse

199 1802 349 1858 auctores
372 1799 448 1856 sunt
470 1790 630 1856 Aelianus
651 1791 682 1855 h.
704 1815 732 1855 o.
765 1789 832 1856 Vll
852 1793 894 1856 48
918 1803 951 1856 et
973 1793 1098 1859 Plinius
1121 1794 1194 1858 nh.
1208 1793 1298 1860 VIII

203 1901 243 1965 16
263 1899 344 1986 (21),
366 1899 420 1984 qui
436 1899 489 1963 dei
511 1922 656 1964 caussam
679 1900 827 1965 fabulose
841 1901 994 1989 explicat.
1034 1925 1106 1966 cum
1129 1902 1231 1990 igitur
1247 1901 1295 1966 hi·

198 2016 307 2073 antem
319 2007 487 2072 Bacchum
510 2007 738 2095 aliquomodo
760 2007 945 2094 istictangi
969 2020 1166 2076 monuerunt
1195 2011 1296 2076 Bern-

200 2117 343 2202 hardyus
367 2116 387 2182 l.
410 2140 435 2181 s.
458 2115 643 2181 Meinekius
664 2115 748 2181 anal.
774 2118 873 2182 Alex.
891 2141 922 2206 p.
937 2119 996 2182 140
1008 2141 1055 2202 sq.
1080 2117 1297 2183 Benndorfius

198 2225 239 2289 de
262 2225 350 2290 anth.
374 2225 434 2293 Gr.
458 2225 560 2310 epigr.
582 2247 665 2312 quae
686 2225 728 2290 ad
749 2235 834 2291 artes
857 2235 1006 2313 spectant
1020 2251 1051 2314 p.
1067 2227 1118 2292 44.
1139 2226 1203 2289 iam
1225 2224 1296 2312 ipsa

198 2353 251 2396 res
271 2332 387 2396 suadet
405 2342 441 2397 ut
465 2333 647 2415 credamus,
668 2333 759 2398 illum
772 2329 923 2419 τραγικόν
944 2329 1104 2400 Διόνυσον
1121 2355 1295 2422 personam

199 2440 356 2526 tragicam
379 2443 419 2506 ob
442 2441 569 2505 hiscens
592 2463 627 2506 os
652 2441 803 2527 componi
825 2465 900 2506 cum
915 2441 1046 2506 Baccho
1062 2440 1183 2507 Samio.
1206 2464 1294 2507 nune

198 2547 273 2612 vide
304 2547 384 2613 mihi
408 2571 471 2637 quo
493 2558 588 2637 pacto
612 2550 806 2637 complicata
829 2548 891 2614 ista
924 2549 1085 2614 sententia
1110 2550 1294 2617 evolvatur:

200 2680 258 2743 epo
271 2679 347 2719 vero
359 2679 424 2741 pro
442 2655 503 2720 illo
525 2659 661 2744 (ovaque
675 2657 860 2740 docilitate)
875 2659 956 2744 clap
967 2660 979 2722 l
988 2683 1005 2722 o
1026 2661 1157 2744 magis
1181 2681 1297 2746 quam

199 2769 362 2833 Samius
386 2769 570 2850 (Bacchus)
600 2770 694 2834 laicae
717 2770 821 2833 adsto.
870 2791 911 2835 cn
933 2767 1060 2857 lepidus
1093 2789 1130 2832 ac
1159 2768 1296 2833 festivus

199 2879 253 2963 qui
276 2877 416 2963 emergit
437 2877 589 2965 poematii
611 2877 712 2943 color.
768 2878 903 2964 fingitur
926 2879 1018 2943 hiare
1040 2875 1200 2941 Bacchica
1222 2897 1295 2965 per·

198 3007 276 3050 sona
298 3006 364 3048 non
383 2983 446 3048 alla
469 3007 591 3066 caussa,
644 3009 739 3073 quam
770 2987 811 3052 ob
841 2994 964 3051 tantum
987 2984 1069 3053 Simi
1090 2984 1296 3070 repentinam
1345 2982 1349 2984 ’

198 3083 369 3178 εόμαθίην,
394 3093 580 3180 etquidem
602 3095 744 3160 intanto
769 3095 922 3159 miraculo
944 3094 1044 3180 duplo
1070 3093 1174 3180 magis
1197 3116 1295 3180 quam

197 3198 324 3266 Samius
345 3199 402 3263 ille
421 3199 577 3267 Bacchus.
619 3200 777 3267 morosius
801 3212 929 3289 poetam
950 3223 1060 3267 rerum
1082 3201 1212 3266 veritati
1242 3201 1296 3266 ad·

198 3307 345 3372 strictum
365 3307 428 3371 iret
452 3308 506 3393 qui
530 3307 686 3391 obiceret,
718 3307 804 3392 quod
829 3308 890 3372 iam
921 3319 989 3373 tum
1013 3309 1123 3373 hiabat
1144 3328 1294 3394 persona,

199 3437 271 3479 cum
295 3411 495 3479 docilitatem
516 3423 674 3502 expetens
696 3415 864 3481 dedicaret
884 3437 955 3480 eam
971 3415 1089 3483 Simus.
1129 3415 1192 3481 boc
1209 3415 1294 3481 enim

198 3523 324 3587 licitum
356 3521 419 3584 fuit
451 3522 635 3608 neglegere
657 3522 716 3605 illi,
750 3523 826 3588 dum
849 3522 1014 3587 Bacchum
1038 3524 1149 3586 vivum
1180 3533 1295 3610 sponte

197 3628 314 3694 rictum
338 3628 533 3695 distendisse
565 3631 671 3716 fingit.
712 3632 887 3697 verborum
908 3631 991 3696 ratio
1015 3631 1113 3717 plane
1144 3640 1195 3696 est
1222 3653 1295 3718 per·

297 3938 343 4002 54)
363 3941 492 4006 Apollinis
510 3931 655 4006 κεχηνότος
669 3946 785 3992 statuam
801 3945 992 3991 commemorat
1007 3939 1130 3992 Clemens
1145 3939 1293 3990 Alexandr·

198 4039 279 4102 protr.
298 4053 325 4102 p.
344 4033 378 4088 33
399 4035 464 4098 init,
485 4036 529 4085 ubi
549 4051 636 4086 errore
653 4037 801 4102 Apollinem
820 4053 868 4103 pro
890 4037 1000 4088 Baccho
1017 4036 1146 4086 nominari
1166 4035 1213 4084 vix
1232 4035 1296 4084 mihi

197 4132 342 4198 persuadet
367 4130 500 4182 l'rellerus
521 4130 675 4184 Polemonis
702 4148 727 4196 p.
750 4128 810 4184 109.
829 4146 943 4198 namque
964 4131 1101 4182 Bacchum
1129 4129 1206 4179 illum
1224 4124 1297 4195 quod

198 4229 314 4282 canebat
332 4243 378 4279 ore
398 4228 488 4278 hiante
509 4231 736 4292 repraesentatum
761 4227 843 4277 luisse
864 4215 1074 4295 (Μελπόμενον)
1099 4223 1173 4275 haud
1199 4225 1295 4290 impro-

198 4322 294 4374 babilis
312 4325 419 4389 suspitio
440 4323 563 4374 Melnekii
582 4328 630 4373 est.
664 4322 756 4390 itaque
780 4322 898 4374 extitisse
916 4322 995 4374 etlam
1015 4321 1165 4387 Apollinem
1193 4319 1237 4386 qui
1256 4317 1294 4368 di-

199 4422 305 4470 ceretnr
322 4408 444 4486 κεχηνιός
461 4433 515 4469 non
534 4423 574 4468 eet
593 4416 666 4484 quod
686 4417 787 4468 mirere.
