3156 5164
829 369 871 442 34

307 553 423 624 maline
445 551 613 635 convenit,
644 553 731 636 quod
760 562 919 622 nostrates
951 553 1072 622 invisos
1096 573 1241 642 quasque
1267 555 1403 624 exulare

305 661 419 731 iubent
440 659 501 730 ubi
517 663 614 746 pipat·
637 662 763 730 arescit.
820 670 853 726 et
876 660 1003 732 accedit
1025 662 1172 732 alterum.
1218 661 1404 732 Meinekius

305 770 389 838 bene
410 769 505 840 affert
534 769 704 858 Apollonii
735 791 865 838 versum
889 791 931 840 ax
954 778 1031 838 nato
1054 768 1111 839 illo
1133 791 1284 840 sermone
1306 792 1403 854 quem

311 877 428 949 Medea
443 899 555 948 aecum
573 877 672 944 habet
694 875 822 964 Argon·
847 878 903 944 III
926 876 1005 945 786:

873 985 993 1070 ἐρρέτω
1016 981 1124 1064 aldor,

431 1092 551 1178 ἐρρέτω
573 1083 705 1180 ἇγλαΐη·
732 1088 778 1162 td
805 1093 866 1182 ἐμῇ
887 1089 990 1179 ἰότητι
1013 1093 1160 1170 σαωθεὶς

428 1192 576 1288 ἀσκηθὴς
598 1197 705 1270 ἵναοὶ
727 1205 827 1288 θυμῷ
850 1201 948 1289 φίλον
972 1197 1056 1268 ἔνθα
1078 1200 1184 1272 νέοιτο,

308 1333 390 1396 quae
419 1319 508 1382 tanta
535 1309 711 1386 similitudo
734 1332 772 1376 eo
794 1311 891 1379 facilc
916 1310 1019 1392 ducit
1046 1319 1084 1377 ut
1113 1310 1146 1374 in
1178 1309 1410 1376 Callimacheo.

306 1439 434 1504 quoque
465 1441 562 1492 versu
588 1419 675 1489 istud
697 1419 750 1489 ἳνα
780 1471 787 1484 .
813 1469 819 1484 .
846 1468 884 1484 ..
917 1415 1001 1484 ἔνθα
1029 1417 1134 1487 νέοιτο
1164 1441 1231 1484 non
1262 1418 1403 1489 absimili

305 1527 440 1596 notione
474 1527 505 1598 h.
540 1548 567 1595 e.
599 1548 696 1594 sensu
734 1549 800 1592 non
835 1527 990 1593 translato
1024 1527 1165 1612 positum
1197 1526 1402 1597 arbitremur.

307 1634 394 1722 quod
416 1634 580 1721 reputanti
603 1643 716 1722 parata
739 1633 800 1698 erit
820 1634 955 1720 suspitio
979 1643 1128 1721 spectare
1148 1636 1248 1700 verba
1271 1635 1305 1700 in
1320 1657 1403 1722 quae

305 1743 498 1828 inquirimus
523 1743 564 1814 ad
585 1744 804 1810 voluntarium
828 1742 997 1826 Apollonii
1021 1743 1165 1816 jexilium
1188 1743 1403 1826 Rhodiarum,

308 1851 401 1944 sicuti
432 1852 497 1919 illis
524 1847 582 1920 τόν
613 1847 748 1918 Φθόνον
773 1843 945 1942 ᾌττόλλιον
966 1849 1047 1920 arodi
1072 1851 1098 1914 τ’
1122 1841 1238 1936 ἤλασεν
1273 1861 1404 1938 turpem

305 1962 468 2048 repulsam
490 1960 626 2036 indicari
651 1982 746 2044 quarn
760 1983 874 2046 passus
888 1959 1038 2044 inprime
1054 1959 1304 2045 Argonauticon
1318 1951 1402 2026 airao-

308 2067 407 2148 δείξει
425 2068 531 2137 solum
553 2076 650 2154 poota
669 2067 768 2140 vertit
788 2065 858 2132 veri
884 2076 1013 2130 nonest
1030 2065 1197 2130 dissimile.
1242 2065 1318 2135 hino
1336 2065 1402 2130 elu-

311 2174 411 2240 cescit
435 2173 670 2247 emendationis
693 2173 871 2260 probabilis
895 2174 955 2238 via.
983 2173 1205 2262 scripserim:

547 2277 565 2348 ὁ
588 2281 623 2348 dd
645 2284 776 2364 Μῶμος
797 2281 837 2346 ἵν’
859 2272 898 2348 aci
919 2274 1049 2376 andriace
1072 2277 1156 2346 ἔνθα
1176 2280 1292 2346 νέοιτο.

306 2390 431 2463 Mamas
453 2415 529 2456 aero
553 2389 704 2456 suadeat
729 2389 776 2470 (in
789 2388 939 2458 Rhodum
962 2389 1114 2473 scilicet),
1138 2413 1201 2477 qao
1225 2389 1349 2472 (adire)
1374 2393 1407 2454 αι’

306 2523 372 2564 noa
394 2499 566 2566 invidetur.
609 2508 686 2564 nota
707 2496 827 2584 quippe
848 2495 969 2560 locutio
992 2488 1100 2574 οὐδεὶς
1123 2491 1254 2584 φθόνος
1270 2507 1346 2564 curn
1356 2498 1402 2562 in·

309 2607 444 2682 linitiva.
496 2606 577 2672 scito
611 2614 718 2678 autem
742 2603 879 2671 eandem
904 2603 1098 2688 scripturam
1121 2613 1198 2668 ante
1218 2604 1276 2668 hos
1299 2624 1404 2691 paene

309 2726 440 2788 centum
465 2736 566 2787 annos
588 2712 764 2802 protulisse
785 2737 804 2778 a
827 2733 862 2778 se
886 2712 1103 2798 excogitatam
1124 2711 1148 2778 l.
1164 2713 1203 2783 F.
1215 2712 1405 2798 Heusinge-

310 2847 381 2892 rum
403 2825 437 2893 in
467 2821 731 2894 emendationum
754 2819 1049 2890 Callimachearum
1078 2819 1224 2907 periculo
1255 2843 1286 2906 p.
1309 2820 1403 2886 VIII.

308 2933 349 2998 cf.
371 2954 447 3000 nov.
472 2939 532 3004 act.
557 2928 715 2997 eruditor.
736 2927 825 3012 Lips.
849 2927 925 2992 anni
947 2926 1026 2991 1768
1050 2926 1164 3014 peut.
1210 2949 1404 3010 quamquam

311 3039 435 3111 eisdem
459 3038 569 3104 verbis
587 3037 683 3104 aliam
704 3035 1005 3122 interpretationem
1031 3034 1227 3119 adhibui.⁴⁷)

406 3221 450 3287 47)
472 3224 663 3274 Transcribam
683 3224 742 3289 ipsa
767 3223 823 3276 eiua
843 3223 935 3285 verba,
963 3223 1087 3290 quoniam
1109 3223 1154 3272 ills
1174 3222 1280 3272 libellus
1300 3223 1406 3272 videtur

308 3320 526 3388 paucissimorum
549 3319 577 3369 in
597 3320 718 3370 manibus
738 3335 805 3380 esse,
826 3319 873 3368 vix
900 3321 954 3370 ullo
978 3335 1042 3369 sane
1066 3319 1212 3368 litterarum
1234 3319 1405 3369 detrimento:

308 3417 404 3479 Χαῖρε,
425 3404 499 3477 ἅναξ,
520 3408 535 3464 ὁ
557 3409 589 3463 δὲ
609 3411 727 3482 Μῶμος,
753 3411 787 3464 ἵν’
806 3409 821 3463 ὁ
840 3404 955 3481 φθόρος,
976 3411 1044 3464 ἔνθα
1065 3414 1158 3463 νέοιτο.
1197 3411 1245 3465 Ita
1264 3416 1404 3466 uuaceda'·

307 3521 353 3562 tur
373 3513 537 3571 hievernus,
558 3515 695 3561 sententia
714 3512 822 3576 quidam
835 3513 902 3560 aotr'a
920 3513 1061 3560 concinna.
1094 3509 1150 3559 Nec
1169 3513 1201 3562 de
1215 3512 1405 3561 emelioratione

307 3612 464 3673 copularem,
490 3609 547 3656 alal
562 3621 657 3658 aurem
676 3608 745 3656 mr'lra'
764 3609 897 3656 recitarent
915 3609 1005 3656 σνιϊιόἰ
1020 3610 1068 3672 qul
1087 3608 1289 3658 adnotaverant
1309 3611 1338 3656 a'n
1357 3621 1405 3656 an·

306 3707 387 3769 liquis
414 3705 491 3753 libris
512 3718 565 3768 pro
586 3691 694 3769 φθόρος
714 3703 849 3767 saraptam.
865 3703 956 3768 salsae
979 3691 1096 3768 φθόνος.
1142 3701 1217 3752 Hinc
1247 3704 1404 3766 intelliqera

307 3801 376 3850 mita·
392 3799 493 3860 videor,
515 3800 714 3850 Callimachum
733 3800 870 3863 carpsisse
889 3794 923 3846 ἵν’
945 3788 976 3844 οὐ
994 3786 1110 3863 φθόνος,
1131 3794 1200 3848 ἔνθα
1216 3796 1311 3848 νέοιτο.
1342 3794 1405 3847 Non

305 3899 395 3960 potuit
409 3904 493 3960 poeta
515 3893 636 3946 Momam
663 3910 740 3946 ιιιιινι
760 3896 790 3944 ia
809 3896 894 3944 aliam
914 3896 1001 3944 locam
1021 3895 1145 3962 facetius
1166 3897 1303 3957 οόἰαρονι,
1322 3908 1405 3960 paam

308 3997 338 4043 ιἰι
356 4008 426 4055 aum,
445 3995 495 4044 ula·
511 3997 591 4044 nulla
611 3995 719 4046 invidia
735 4000 786 4054 est,
805 3995 836 4043 a'd
854 4001 895 4042 eat
906 3995 935 4042 ιἰι
953 4001 1105 4042 extremam
1126 3996 1272 4044 miseriam.
1300 3992 1409 4042 Φθονεῑ

306 4082 360 4155 γὰρ
378 4080 468 4143 οὐδεὶς
483 4084 522 4152 τῷ
542 4085 725 4155 δυστυχοῦντι,
745 4095 837 4139 alent
857 4089 933 4152 apud
944 4087 1127 4140 Plutarchum
1149 4089 1304 4139 delectato
1325 4095 1405 4153 atqua

306 4181 536 4249 adlata-5381&
576 4185 688 4235 Dictum
709 4185 877 4236 Oalla'macha'
902 4199 979 4236 saum
1000 4182 1240 4251 scailmannus,
1265 4198 1347 4248 quam
1364 4185 1405 4232 a'ta

307 4281 379 4342 ladit
398 4280 444 4328 lta.
466 4277 582 4344 Iapa'yr.
602 4281 643 4328 41.

506 4378 629 4426 omnibus
647 4377 782 4436 a'nar'deoa,
801 4375 903 4436 lueida,
924 4391 1002 4426 namo
1020 4376 1076 4424 ta'ba'·
