3156 5164
812 363 855 432 80

290 558 452 637 prelatum
472 569 544 616 csse
566 547 717 614 celeriter
739 568 885 612 crescens
906 544 966 612 sed
997 544 1136 610 celerem
1161 565 1291 608 maram
1318 543 1389 630 effi

290 659 388 724 ciana
438 655 478 722 cl.
506 645 671 732 ὥκυτόκος
702 653 776 720 alin.
823 643 1031 719 ω’κυθόον
1056 648 1268 737 comisator,
1304 651 1390 719 dixit

288 765 512 844 Ptolemaeus,
531 761 647 830 trifolii
669 769 794 828 certum
815 781 932 845 genus,
954 769 1004 826 ost
1025 751 1235 844 ψυλάκανθα.
1265 765 1387 827 alnos-

293 883 361 940 met
383 892 424 938 nc
447 870 507 938 hac
531 869 663 956 quidem
685 867 719 936 in
743 888 780 936 rc
799 866 940 934 fidemei
958 875 1027 934 tuto
1043 866 1248 936 haberemus.
1291 863 1390 932 docet

291 977 443 1064 Heynius
463 977 505 1042 ad
524 977 628 1061 Varg.
642 998 757 1062 georg.
776 975 871 1042 1215
894 998 914 1042 a
936 974 1139 1044 Callimacho
1161 974 1299 1042 indicari
1318 973 1388 1042 Me

294 1083 402 1152 dicem
434 1084 569 1150 herbam
609 1104 768 1170 equorum
798 1080 953 1167 pabulum
985 1081 1298 1166 praestantissimum
1331 1081 1389 1166 (el.

292 1191 402 1262 Strab.
424 1190 486 1258 XI·
496 1215 528 1279 p.
550 1191 624 1274 525,
653 1189 748 1258 Snid.
772 1213 796 1256 s.
819 1213 849 1255 v.
877 1185 1011 1276 Μηδικὴ
1041 1185 1135 1278 πόα).
1158 1203 1286 1256 secatur
1307 1193 1389 1258 11111-

285 1303 383 1386 piens
397 1297 521 1382 florere
541 1312 571 1362 et
596 1303 742 1388 quotieas
763 1298 918 1382 retice-ult.
964 1299 1001 1366 td
1032 1303 1161 1366 sexiens
1199 1301 1303 1365 evenit
1326 1322 1390 1386 per

291 1431 405 1476 canoa
445 1407 490 1474 itc
511 1407 635 1474 Plinius
657 1431 690 1476 n.
712 1408 744 1478 h.
766 1407 886 1476 XVIII
905 1407 946 1474 16
967 1408 1036 1492 (43)
1059 1408 1099 1474 de
1119 1408 1225 1477 herba
1246 1407 1384 1474 Medica.

118 1583 123 1590 ,
177 1590 187 1608 ,
292 1516 381 1584 unde
402 1508 556 1592 ω’κῦθοος
578 1526 652 1602 apto
675 1515 742 1583 dici
762 1515 878 1603 potuit.
920 1539 1002 1582 nam>
1019 1515 1389 1603 eundiverbaedplen-

294 1631 343 1688 tas
365 1625 564 1712 pullulantes
586 1623 661 1687 satis
682 1621 868 1709 frequentia
890 1625 1141 1690 transferuntur.
1195 1625 1235 1688 cl.
1264 1623 1385 1689 Meine·

296 1730 371 1796 kius
393 1732 434 1797 ad
457 1731 558 1818 Soph.
584 1727 668 1796 Oed.
692 1728 764 1795 Col.
787 1729 859 1795 698.

394 1839 508 1924 Itaque
531 1837 769 1904 Callimachum
792 1859 867 1902 cum
886 1837 1002 1923 hymni
1022 1838 1057 1904 in
1072 1837 1212 1906 Dianam
1234 1831 1390 1906 scriberet

297 1968 428 2016 versum
452 1947 512 2014 165
537 1945 701 2034 quaelibet
722 1946 830 2032 potius
853 1969 949 2031 quam
960 1947 1171 2036 proverbium
1191 1947 1279 2014 istud
1302 1948 1390 2035 cogi-

298 2066 402 2139 tasse,
432 2054 489 2122 vix
509 2077 591 2142 opus
614 2062 663 2120 est
684 2062 720 2118 nt
741 2074 902 2120 moneam.
927 2055 1005 2122 'sed
1027 2055 1159 2122 omnino
1181 2056 1216 2122 in
1239 2057 1389 2144 parodica

295 2163 480 2230 odorandas
502 2160 630 2228 veteres
643 2161 749 2228 critici
767 2162 886 2228 acriter
903 2163 1133 2249 incubuerunt,
1153 2186 1218 2249 quo
1236 2175 1269 2230 et
1281 2164 1393 2244 lectio·

294 2272 345 2338 nis
370 2273 497 2359 copiam
529 2271 783 2356 varietatemque
813 2281 846 2336 et
877 2273 1002 2357 ingenii
1024 2273 1265 2361 perspicitatem
1287 2283 1392 2339 osten-

297 2390 415 2447 tarent.
445 2404 507 2447 nec
530 2382 617 2447 solus
631 2379 839 2446 Ptolemaeus
864 2363 898 2445 in
912 2379 1114 2448 Callimacho
1137 2381 1213 2448 talia
1237 2380 1394 2470 quaesivit

295 2489 497 2576 invenitque.
536 2485 615 2555 'nam
639 2489 726 2556 idem
747 2511 880 2576 prorsus
904 2489 991 2574 quod
1012 2489 1070 2555 ille
1092 2490 1217 2556 crimen
1239 2512 1301 2556 nec
1329 2513 1393 2554 me-

295 2595 366 2670 iore
389 2599 460 2663 iure
484 2599 685 2666 Callimacho
708 2597 828 2686 ingerit
859 2597 1034 2664 scholiasta
1055 2598 1264 2665 Victorianus
1285 2599 1325 2666 ed
1351 2598 1393 2664 Il.

295 2713 327 2772 Z
346 2706 410 2774 484
438 2694 595 2790 δακρύοὲν
625 2700 786 2791 γελάσασα
809 2756 816 2772 .
845 2696 904 2772 οὐκ
937 2700 1069 2794 ἐνόησεν
1097 2693 1155 2774 οὖν
1185 2706 1395 2790 Καλλίμαχος

293 2809 352 2882 τὸν
374 2816 485 2898 στίχον
507 2809 630 2881 εἰπών·
667 2814 743 2881 ἐπεὶ
760 2809 844 2892 θεὸς
865 2807 941 2882 οὐδὲ
961 2814 1115 2900 γέλασσεν
1136 2807 1279 2896 calenti,
1309 2835 1392 2904 quoe

294 2922 441 3011 pleniora
464 2923 519 2988 dat
541 2933 575 2989 st·
596 2923 768 2988 emendata
790 2924 893 2989 schol.
916 2921 1058 3010 Gregor.
1081 2923 1161 2992 Nan.
1186 2924 1228 2989 ad
1250 2946 1297 2988 or.
1318 2923 1390 2992 Ste-

295 3033 342 3096 lit.
364 3032 382 3097 I
404 3056 435 3120 p.
459 3031 571 3097 70611.
594 3031 735 3096 Montac.
760 3031 904 3114 (Callim.
928 3032 992 3118 frg.
1015 3032 1077 3097 418
1100 3033 1220 3099 Blomf.
1251 3030 1391 3096 cf.Nao-

294 3141 369 3206 liius
393 3163 505 3227 opusc.
524 3141 559 3206 II
581 3164 612 3230 p.
636 3141 730 3225 155):
978 3161 979 3164 ’

720 3247 794 3314 ἐπεὶ
815 3239 995 3327 11εὸςοῦδὲ
1017 3242 1170 3333 pantana

470 3350 620 3422 latuerat
640 3351 843 3442 μερόπεσσιν
864 3347 1042 3441 ὀιζυροῖσιν
1064 3353 1195 3423 ἔδωκεν.

296 3476 329 3533 at
354 3466 531 3556 plurimum
554 3466 647 3530 abest
665 3475 702 3529 ut
722 3465 935 3532 Homericum
957 3487 1089 3535 versum
1101 3463 1322 3532 Callimachus
1343 3483 1393 3527 re·

296 3577 453 3665 spexerit,
466 3575 531 3660 'qui
553 3575 653 3660 longe
673 3575 834 3640 diversam
857 3575 1051 3640 sententiam
1065 3573 1137 3638 istic
1154 3580 1311 3640 executus
1333 3579 1391 3653 est,

295 3685 455 3752 humanae
485 3682 580 3752 sortis
613 3706 819 3749 communem
847 3683 1020 3750 miseriam.
1035 3681 1076 3766 39)
1119 3682 1190 3769 ipse
1221 3681 1315 3763 risus,
1345 3680 1390 3746 ait

296 3891 380 3942 tatum
399 3893 442 3942 eet.
468 3894 496 3942 at
517 3878 642 3940 estmoe
659 3887 723 3960 legit
740 3885 907 3954 Pamphilus.
926 3888 958 3938 cf.
979 3887 1096 3951 Hesych.
1118 3875 1253 3936 ὠκύθοον.
1278 3873 1339 3934 nic
1356 3897 1395 3938 nc

295 3979 313 4048 ἡ
335 3984 480 4054 rplcpvtloc
496 3983 656 4052 καλουμένη.
677 3999 710 4036 ac
729 3984 902 4036 scholiastnm
921 3983 1081 4036 Callimachi
1104 3973 1160 4034 ὠκὺ
1178 3981 1248 4034 θέον
1266 3981 1311 4032 vel
1329 3971 1394 4034 tinu-

258 4134 259 4138 ,
290 4080 366 4134 sav
383 4081 490 4146 legisse,
516 4087 544 4132 ut
563 4081 666 4132 videtur
687 4079 827 4142 Meinekic,
853 4080 899 4132 vix
923 4080 1040 4147 sequte-ur
1063 4093 1098 4132 ax
1118 4079 1156 4130 sie
1175 4093 1245 4145 quac
1266 4077 1393 4128 adnotat:

293 4171 327 4254 ch
347 4177 451 4244 ταχέως
469 4169 616 4228 ἀνατέλλον
632 4173 785 4244 τρίφυλλον.
802 4175 965 4228 substantivi
984 4161 1043 4228 vics
1058 4162 1393 4242 summonitiones,

298 4275 378 4340 plone
396 4279 425 4325 ut
445 4266 476 4324 τὸ
492 4272 651 4340 percantet,
671 4271 743 4340 quod
763 4273 849 4336 ipsum
869 4287 974 4339 queque
992 4271 1082 4324 trifolii
1099 4285 1185 4338 genus
1201 4276 1249 4322 cst.

396 4367 442 4433 39)
460 4368 583 4422 santam
603 4370 761 4424 sententian
779 4367 962 4422 Callimachus
977 4369 1168 4440 unaquoque
1188 4367 1327 4433 amramit-
1353 4365 1394 4416 ct.
