3156 5164
741 405 778 468 ll

211 579 317 662 uideo,
352 604 409 651 our
432 581 624 648 Callimachi
657 582 879 656 testimonium
906 583 946 650 de
978 583 1091 650 suibus
1122 581 1247 648 Veneri
1270 584 1311 648 ab

209 689 347 775 Argivis
370 691 532 757 immolari
564 691 668 758 solitis
701 693 981 780 hypomnematon
1011 692 1214 781 potissimum
1235 692 1311 757 reli·

209 799 294 886 quiie
324 801 561 890 interponatur.
604 802 700 867 cedat
731 811 839 868 autem
872 801 906 869 in
938 802 1033 868 huius
1063 803 1172 867 locum
1204 800 1311 888 hypo-

210 930 340 974 mnema
363 910 563 978 llantlcianis
585 912 772 977 addendum
795 934 837 977 ex
859 912 960 978 schol.
979 911 1119 978 Theocr.
1136 911 1242 977 XVII
1256 910 1311 998 98.

209 1017 288 1104 περὶ
309 1022 369 1090 τοῦ
390 1020 512 1106 Νείλου
535 1020 744 1106 Καλλίμαχος
766 1021 801 1088 ἐν
821 1018 868 1088 ἑνί
895 1045 963 1086 που
981 1025 1047 1085 τῶν
1069 1014 1312 1105 ὑπομνημάτων

210 1129 310 1218 φησὶν
330 1127 491 1217 εἰρηκέναι
510 1127 617 1210 τινας,
654 1131 839 1219 Μιλησίους
858 1130 1029 1209 κτίσαντας
1051 1125 1110 1217 τὴν
1131 1124 1314 1214 Ναύκρατιν

209 1243 474 1324 προσαγορεῦσαι
494 1236 552 1306 τὸν
563 1243 631 1306 κατ’
651 1235 831 1326 Αἴγυπτον
842 1236 995 1324 ποταμὸν
1011 1231 1080 1306 ἀπὸ
1103 1241 1162 1304 τοῦ
1181 1237 1312 1305 κτίστου

212 1346 338 1418 Νείλεω
362 1348 527 1432 θεμένους
548 1345 607 1436 τὴν
636 1348 868 1436 προσηγορίαν.
930 1357 1074 1413 ceterum
1099 1347 1236 1434 dignum
1255 1341 1312 1411 no'·

211 1464 278 1528 tatu
301 1466 359 1539 eet,
394 1458 481 1544 quod
513 1457 707 1524 Callimachi
739 1457 802 1543 ipsi
836 1457 1056 1523 commentarii
1085 1453 1243 1537 historici,
1279 1454 1314 1519 in

212 1585 294 1648 quos
323 1575 479 1653 excerpta
511 1567 686 1651 omnigena
717 1565 964 1632 coniciebantur
1001 1565 1056 1648 (cf.
1080 1564 1117 1630 E.
1141 1563 1314 1650 Koepkius

213 1668 254 1734 de
280 1669 542 1754 hypomnematis
556 1671 692 1737 Graecis
713 1694 745 1757 p.
762 1672 801 1736 10
813 1675 906 1758 sqq.),
928 1671 1082 1736 videntur
1096 1672 1137 1736 ad
1155 1669 1315 1738 fabularis

214 1789 410 1862 argumenta
425 1780 613 1866 aetiologici
630 1781 771 1846 maxime
786 1782 904 1853 coloris
918 1789 1090 1866 spectasse.
1114 1779 1202 1865 quod
1218 1779 1314 1844 etiam

214 1884 256 1950 ad
280 1885 344 1971 frg.
367 1889 408 1954 ab
421 1888 681 1977 Harpocrationc
703 1913 727 1954 s.
741 1914 772 1955 v.
788 1880 874 1977 ’Ἀκη
898 1898 1133 1956 conservatum·
1147 1890 1322 1977 pertinere

215 1992 347 2070 docebit
380 2018 492 2066 eorum
520 2001 718 2088 comparatio
741 2022 823 2086 quae
847 2008 956 2066 narrat
980 1999 1166 2086 Stephanus
1187 1999 1313 2085 Byzan·

214 2104 277 2171 tius
302 2129 326 2172 s.
349 2129 379 2172 v.
403 2103 600 2192 Πτολεμαῒς.

317 2215 373 2280 Ad
388 2226 521 2286 ,ceteros
545 2240 625 2302 quos
641 2219 800 2286 aNaekio
821 2221 949 2284 iunctos
970 2241 1068 2305 supra
1086 2216 1222 2305 apposui
1235 2217 1313 2282 iam·

215 2321 273 2385 hos
292 2330 329 2385 ut
351 2313 528 2410 recurram,
548 2349 589 2392 ne
610 2329 669 2392 hos
693 2328 825 2415 quidem
844 2337 933 2392 recte
954 2327 1011 2392 ille
1034 2325 1208 2413 copulavit.
1241 2347 1316 2390 nam

215 2427 382 2515 φερέζωος
406 2428 486 2521 κόρη
513 2457 579 2500 non
604 2444 652 2500 est
671 2436 779 2501 Diana
799 2436 977 2524 Amarycia
998 2435 1052 2498 vel
1075 2433 1238 2518 Celaenis,
1275 2434 1315 2498 de

218 2557 280 2622 qua
299 2539 334 2605 in
359 2542 469 2610 alteris
490 2545 616 2624 duobus
639 2545 809 2612 versiculis
827 2567 935 2612 sermo
956 2555 1015 2630 est,
1036 2545 1093 2610 sed
1106 2544 1214 2633 potius
1231 2543 1315 2610 Leu-

218 2651 368 2739 cophryc
392 2653 499 2739 virgo,
522 2676 603 2738 quae
627 2655 661 2719 in
683 2653 810 2719 Dianae
832 2675 954 2719 numen
975 2663 1108 2742 recepta
1125 2653 1237 2717 herois
1250 2651 1316 2718 Ma·

219 2761 353 2844 gnesiae
376 2761 581 2848 potissimum
605 2762 783 2828 colebatur.
820 2762 855 2826 in
873 2762 957 2826 hanc
972 2761 1068 2846 enim,
1090 2784 1162 2826 oum
1176 2783 1194 2824 a
1209 2760 1317 2826 Diana

221 2863 404 2956 Ephesiaoa
426 2890 493 2934 non
516 2867 645 2935 diversa
667 2869 830 2955 fueritffl),
851 2870 1004 2936 convenit
1024 2869 1199 2958 appellatio
1223 2866 1316 2957 φερέ·

220 2979 304 3062 ζωος
324 2973 414 3066 κόρη.
444 2987 541 3062 atque
565 3001 635 3043 eam
658 2977 763 3067 ipsam
786 2977 1018 3045 assallimacho
1040 2979 1074 3047 in
1095 2977 1210 3042 iambis
1234 2978 1317 3043 cele-

218 3091 344 3155 bratam
367 3109 439 3155 esse
468 3087 563 3154 docet
582 3088 670 3153 aliud
698 3090 763 3174 frg.
791 3087 827 3154 in
855 3084 1002 3153 Cramcri
1032 3086 1146 3154 anecd.
1171 3085 1318 3154 Ori-111

220 3221 251 3286 p.
272 3197 344 3278 261,
367 3199 428 3264 31:

512 3306 666 3372 πελίοττε
687 3301 886 3394 Μάγνησσαν
907 3301 1016 3393 κόραν.

223 3415 309 3504 quod
335 3416 398 3479 iam
418 3415 584 3502 Bergkius
607 3427 692 3504 poet.
715 3417 777 3501 lyr.
798 3440 829 3503 p.
853 3418 934 3483 1069
965 3416 1007 3480 ad
1037 3417 1102 3502 frg.
1123 3417 1234 3506 adesp.
1258 3415 1318 3482 125
1388 3415 1391 3420 ’

220 3534 359 3612 postque
393 3523 480 3590 hunc
514 3524 681 3592 Reuehius
702 3526 722 3590 l.
746 3550 770 3592 s,
793 3550 824 3614 p.
847 3527 889 3591 33
912 3549 942 3591 n.
965 3526 1006 3590 54
1035 3523 1237 3594 Callimacho
1264 3523 1319 3587 tri·

221 3633 363 3697 buerunt
386 3633 427 3698 ob
451 3631 612 3722 Stephani
635 3633 855 3699 testimonium
877 3632 1021 3718 (Gallim.
1044 3632 1218 3719 frg.334):
1242 3636 1319 3696 Μα-

221 3737 334 3823 ηνησία
357 3788 364 3803 .
387 3789 395 3804 .
419 3791 426 3806 .
447 3737 465 3806 ὁ
486 3740 624 3828 πολίτης
644 3735 818 3828 ὁμώνυμος
849 3743 897 3828 τῷ
929 3739 1075 3832 οἰκιστῇ·
1114 3737 1153 3806 τὸ
1174 3733 1320 3828 θηλυκὸν

222 3841 406 3936 Μάγνησσα
426 3846 517 3937 παρὰ
538 3845 737 3937 Καλλιμάχῳ
755 3849 808 3916 καὶ
830 3850 1001 3938 Μαγνηοὶς
1021 3845 1112 3935 παρὰ
1139 3846 1319 3935 Παρθενίῳ

222 3953 276 4021 καὶ
296 3959 465 4042 Μαγνῆτις
482 3954 572 4044 παρὰ
581 3959 756 4047 Σοφοκλεῖ.
770 3959 806 4040 ¹⁴)
828 3958 991 4038 ντελίοοτε,
1016 3959 1103 4044 quod
1123 3967 1172 4022 est
1196 3955 1319 4024 Πελίου

324 4211 368 4280 13)
388 4215 428 4266 Cf.
448 4213 572 4280 Περαίαν
591 4215 722 4282 antiquar.
741 4216 814 4266 Auis.
828 4216 875 4281 lp.
893 4212 954 4277 109,
973 4215 1152 4266 Buttmaunus
1170 4215 1282 4281 mythol.
1295 4213 1321 4262 11

222 4329 248 4378 p.
269 4307 329 4374 134,
348 4311 481 4364 Prellenrs
498 4311 598 4376 griech-
618 4310 729 4377 mythol.
748 4312 759 4362 l
780 4328 805 4377 p·
825 4307 885 4362 alt.

323 4404 370 4473 14)
388 4409 467 4460 Errat
484 4408 565 4476 igitur
583 4407 616 4460 0.
636 4406 820 4462 Schneiderus
840 4408 942 4474 prolog.
960 4407 989 4458 in
1007 4405 1113 4460 Gallim.
1133 4410 1187 4458 aet.
1204 4421 1231 4470 p.
1250 4401 1292 4455 11.
