3156 5164
696 443 740 508 tn

172 624 283 708 magis
298 621 432 712 αἰθυίης
449 620 665 712 martyram
685 634 794 713 potest
814 647 886 694 csse
905 624 1027 712 fultha
1045 627 1269 750 volitantibus,

173 751 270 815 quam
289 732 353 817 frg.
378 731 437 796 187
459 742 548 798 reete
569 733 744 802 scribitur·
819 799 822 806 .

299 838 424 918 Φοῖβος
441 831 709 922 Ὑπερβορέοισιν
729 827 814 902 dacos
836 833 1069 902 inustilerea‘
1058 843 1153 923 ιροῗς.

174 939 237 1006 Sol
265 943 357 1028 apud
388 945 620 1032 Hyperboreos
649 949 754 1011 oritur
782 950 869 1010 inter
901 949 1067 1012 ostreorum
1099 949 1271 1033 sacrificia.

173 1050 279 1116 scribe
302 1050 530 1140 ἐποφέλλεται,
552 1053 743 1141 odaepetur.
776 1051 937 1138 integram
959 1075 1039 1117 vero
1061 1063 1159 1141 atque
1181 1057 1272 1122 abso·

176 1161 276 1240 lutam
313 1164 504 1228 sententiam
536 1163 774 1250 redipiscemur
802 1163 859 1228 ubi
894 1162 1171 1230 consideravimus
1203 1175 1271 1230 tum

168 1266 296 1334 fluidae
316 1271 418 1336 verba
441 1293 522 1356 quae
546 1271 824 1360 interpretationis
847 1271 953 1356 gratia
976 1271 1179 1339 subiciuntur
1201 1283 1270 1358 tum

174 1374 368 1444 Callimachi
390 1400 521 1444 versum
540 1378 600 1502 qui
622 1378 776 1464 legitur'
767 1401 801 1442 rn
823 1377 885 1442 lav.
906 1377 985 1444 Min.
1009 1379 1086 1447 124·
1178 1407 1180 1410 ·

297 1473 559 1570 yvmosireud'l
534 1507 677 1569 ορνιχας,
700 1475 737 1562 ὃς
757 1477 865 1562 αἴσιος
886 1483 922 1550 ob'
941 1508 977 1550 τε
999 1486 1153 1554 πέτονται
1262 1555 1285 1570 ,,

330 1584 433 1680 alleba
452 1592 635 1659 animolas
656 1585 729 1659 οὐκ
751 1584 909 1679 ἀγαθαὶ
929 1594 1146 1684 πτέρυγες.

175 1701 307 1790 scripsit
328 1703 429 1788 igitur
451 1711 548 1790 poeta
573 1725 767 1790 anonymus,
789 1727 887 1790 quem
901 1705 972 1771 iam
988 1707 1149 1773 concedes
1167 1708 1272 1776 videri

178 1811 218 1876 ab
242 1811 467 1877 illiusversus
489 1813 614 1878 artifice
635 1837 701 1894 non
722 1809 887 1880 diversum
910 1839 998 1898 esse:

821 2003 822 2008 ἵ
860 1918 916 1989 ὑπ’
938 1921 1072 2013 oidelae

295 2021 354 2094 οὒκ
376 2019 517 2114 ἀγαθαῖς
537 2025 751 2117 πτερύγεσσιν
774 2026 910 2100 ἐλύσατο
933 2033 1100 2118 πείσματα
1120 2030 1205 2121 νηός.

180 2159 262 2223 quae
283 2139 516 2206 mutilabantur
537 2141 816 2229 turbabanturque
837 2141 1000 2230 velpigro
1017 2143 1274 2229 quodam-libra·

176 2247 226 2313 rio
248 2246 412 2333 proditam
432 2246 466 2310 in
485 2246 616 2312 brevius
641 2249 854 2314 contrahente
878 2250 1085 2336 sententiam,
1119 2250 1154 2315 id
1186 2251 1274 2339 quod

177 2356 212 2420 in
232 2355 282 2420 his
305 2353 418 2420 frustis
439 2353 526 2420 haud
551 2377 626 2419 raro
648 2377 709 2420 usu
731 2357 834 2440 venit,
855 2355 911 2421 vel
922 2357 1033 2423 verbis
1057 2348 1116 2425 orit
1135 2349 1277 2443 ἀγαθαῖς

175 2472 251 2554 post
275 2458 331 2528 ὑπ’
357 2459 490 2548 oidelae
509 2465 550 2528 ob
574 2462 821 2530 similitudinem
832 2467 1014 2530 litterarum
1031 2465 1167 2532 omissis.
1199 2466 1276 2532 dein

177 2571 249 2639 fieri
269 2593 312 2638 ex
332 2571 419 2636 facili
440 2573 547 2659 potuit
565 2583 602 2636 ut
624 2567 690 2639 ὑπό
713 2584 991 2662 transponeretur.
1025 2575 1172 2662 apposite
1195 2575 1275 2642 Mei-

176 2682 293 2748 nckius
314 2682 354 2746 ad
377 2683 439 2746 lav.
462 2683 542 2749 Min·
563 2683 623 2748 124
644 2707 718 2749 cum
739 2705 894 2770 praesens
915 2685 1067 2770 fragmen
1084 2685 1193 2751 attulit
1206 2693 1274 2751 tum

178 2789 265 2874 quod
289 2799 338 2853 est
361 2789 445 2854 inter
469 2787 692 2855 Callimaehea
716 2789 797 2855 318:

293 2889 384 2980 κάρτ’
406 2887 514 2986 ἀγαθὴ
537 2896 674 2979 κικυμίς.
1127 2987 1129 2992 Ι

176 3004 263 3089 qued
288 3005 396 3092 ipsum
421 3005 608 3092 augendum
630 3005 761 3070 videtur
782 3005 991 3071 hemistichio
1007 3005 1164 3097 adespoto
1187 3006 1273 3095 apud

172 3089 332 3200 Stephon.
346 3112 427 3198 Byr.
449 3108 617 3198 Πέιραιὸς.
638 3110 836 3199 Πειρητίόος
859 3108 947 3199 ἱερὸς
973 3104 1070 3200 ὅρνις.
1096 3116 1178 3180 dicit
1206 3117 1273 3200 opi·

175 3243 237 3284 nor
260 3234 411 3284 noctuam
445 3220 612 3286 Minervae
641 3222 824 3287 rectissime
853 3221 1038 3288 Meinekius
1068 3224 1152 3290 anal.
1175 3223 1273 3288 Alex.

175 3327 454 3415 pmhm:

294 3428 382 3520 κάρτ’
406 3425 514 3524 ἀγαθὴ
533 3435 662 3518 κικυμὶς
682 3435 880 3522 Πειρητίδος
901 3432 989 3524 ἱερὸς
1008 3427 1106 3525 ὅρνις.
1120 3437 1162 3522 ²⁴)

282 3543 424 3609 Videtur
446 3543 597 3629 fragmen
619 3543 672 3608 cui
695 3566 827 3632 operam
841 3546 1032 3612 narravimus
1048 3547 1215 3635 pertinere
1233 3545 1274 3610 ad

177 3655 341 3744 procellae
364 3655 628 3741 descriptionem,
651 3675 732 3740 quae
754 3655 789 3719 in
810 3654 902 3719 aetiis
921 3654 1041 3721 alicubi
1062 3655 1184 3720 inserta
1202 3653 1274 3720 fuit.

177 3783 316 3847 namque
335 3763 504 3846 probabile
534 3771 592 3841 est,
630 3762 772 3827 vicinam
800 3762 912 3828 sedem
942 3763 1274 3848 habuisselrg.167.

177 3895 214 3936 ac
235 3878 326 3959 patet
345 3867 405 3934 vel
421 3871 612 3954 clarissime,
641 3889 799 3958 perverso
828 3894 923 3937 usum
944 3869 1063 3938 iudicio
1086 3871 1275 3938 Heolrerum
1371 3933 1376 3942 .

1056 3977 1072 4004 v

280 4159 326 4223 24)
345 4161 501 4213 Fideiussor
520 4164 688 4214 coniecturae
706 4165 763 4230 ipsa
783 4166 930 4217 seholiasta
940 4166 1072 4232 Aristoph.
1084 4183 1127 4217 av.
1137 4163 1198 4216 261:
1217 4181 1276 4216 κικ-

177 4255 273 4323 καβαῦ.
291 4251 340 4314 τὰς
362 4254 481 4325 γλαῦκας
506 4250 576 4309 οὕτω
599 4262 705 4328 φωνεῖν
728 4259 863 4328 λέγουσιν,
892 4252 962 4312 ὅθεν
984 4255 1115 4326 narranda
1133 4251 1215 4316 αὐτὰς
1233 4260 1275 4312 λε’·

176 4365 281 4419 νουσιν.
299 4351 375 4406 ἔστι
392 4351 431 4405 δὲ
448 4349 526 4424 ἱερὰ
543 4348 760 4421 τῆςᾍθηνᾶς.
781 4357 808 4408 el
826 4354 857 4408 δὲ
870 4355 1022 4426 arnauldus,
1043 4353 1079 4414 cic
1089 4357 1274 4427 Καλλίμαχος·

175 4439 260 4516 ’κάρτ’
277 4441 371 4514 ἀγαθὴ
389 4443 510 4520 arrunte?
