3156 5164
690 451 731 515 37

176 633 335 698 vocabulo
357 652 422 696 non
444 632 528 696 bone
549 629 731 694 consultum
745 629 881 694 videtur.
927 630 1081 697 subiciam
1097 657 1128 696 v.
1142 634 1266 698 66--71

175 744 285 829 quales
310 741 407 806 scribi
429 763 501 805 cum
524 737 687 824 Hauptius
709 748 776 802 tum
802 737 985 805 Meinekius
1007 742 1152 807 uoluere.

254 842 321 916 ἀλλ’
345 846 401 916 ὅτε
424 845 573 933 κουράων
593 871 642 926 τις
663 839 815 928 ύπιχύέα
835 847 950 933 μητέρι
971 844 1087 930 τεύχει,

156 957 160 964 ’
252 954 357 1045 μήτηρ
378 958 437 1042 μὲν
462 953 648 1036 Κύκλωπας
668 953 705 1046 ἑῇ
729 955 785 1021 ἐπὶ
805 956 899 1021 παιδὶ
920 958 1095 1041 καλιστρεῖ,

247 1059 371 1153 ’Ἄργην
391 1061 413 1154 ἢ
432 1061 618 1152 Στερόπην·
642 1061 660 1130 d
681 1065 718 1131 δὲ
739 1059 891 1148 δώματος
913 1064 949 1130 έκ
970 1061 1127 1149 μοχύτοιο

257 1171 385 1259 ἔρχεται
401 1170 547 1260 Ἕρμεέης
569 1174 691 1262 σποδιῇ
712 1172 899 1257 κεχριμένας
919 1171 1012 1264 αἶθῇ.

252 1273 366 1346 αύτίκα
385 1279 443 1369 τὴν
466 1278 586 1369 κούρην
604 1277 837 1367 μορμύσσεται·
861 1277 881 1368 ἡ
903 1281 939 1347 δὲ
958 1277 1115 1368 τεκούσης

254 1385 340 1456 δύνει
363 1387 428 1456 ἔσω
450 1386 595 1469 κόλπους
617 1389 741 1476 θεμένη
764 1389 821 1454 έπί
844 1385 944 1479 φύεσι
961 1394 1086 1482 χεῖρας.

172 1500 252 1565 baec
288 1499 384 1588 plana
413 1511 445 1564 ct
479 1511 553 1589 apta
580 1501 697 1582 omnia,
730 1499 791 1565 nisi
815 1499 901 1586 quod
927 1520 978 1564 me
1002 1507 1146 1564 moratur
1165 1521 1266 1562 unum

170 1608 307 1673 verbum
329 1608 515 1693 κεχριμένας
536 1609 580 1692 (u.
603 1608 731 1693 ti9l‚,ne
756 1607 908 1674 traditum
931 1605 1013 1670 illud
1038 1606 1169 1694 quidem
1192 1631 1209 1672 s
1231 1605 1267 1670 li·

169 1716 304 1780 brorum
328 1716 530 1799 auctoritate‚
554 1716 607 1800 qui
626 1717 749 1781 habent
768 1713 871 1800 vulgo
896 1712 1101 1800 κεχρημένος,
1124 1713 1268 1778 sedeon-

173 1822 294 1886 iectum
314 1847 332 1887 a
355 1823 521 1911 Stephano
534 1822 754 1909 Graevioquc.
798 1823 839 1886 de
857 1821 1103 1887 Hemsterhusio
1119 1821 1267 1887 codicum

171 1931 349 2018 scripturae
370 1944 506 2020 patrono
544 1933 690 1998 doctiore
723 1955 818 2016 quam
840 1931 986 1996 feliciore
1009 1931 1125 1996 morito
1149 1931 1269 1996 tacebi-

172 2062 252 2104 mus.
296 2041 465 2104 amborum
489 2062 569 2124 quos
592 2041 756 2106 nominavi
791 2041 1049 2106 emendationem
1084 2042 1146 2104 iam
1175 2050 1269 2106 antes

170 2147 210 2211 ab
234 2169 271 2211 eo
293 2146 509 2234 excogitatam
531 2149 586 2233 qui
607 2148 753 2214 exaravit
769 2149 915 2214 codicem
934 2149 1118 2215 Parisinum
1137 2151 1269 2236 regium

171 2263 203 2318 et
228 2258 419 2342 approbavit
452 2257 613 2345 Hauptius
640 2258 729 2322 etin
759 2261 934 2324 verborum
965 2259 1113 2325 ordinem
1144 2260 1268 2346 recepit

170 2361 366 2428 Meinekius.
411 2365 489 2449 quid
510 2369 613 2432 vero?
658 2390 735 2430 num
755 2367 859 2452 magis
875 2367 994 2434 Graeci
1009 2367 1163 2433 dixerunt
1185 2389 1267 2434 σπο-

171 2470 224 2559 διῇ
245 2481 300 2534 cut
320 2473 437 2560 σποδῷ
458 2472 561 2555 χρίειν
582 2498 678 2560 quam
699 2475 753 2540 vel
776 2475 913 2541 Romani
942 2478 1050 2540 cinere
1069 2500 1194 2564 capere
1215 2477 1269 2543 vel

169 2587 329 2646 nostrates
350 2585 409 2644 mit
433 2582 539 2645 Ascbe
560 2583 698 2650 salben?
740 2584 839 2648 immo
856 2605 1015 2668 nusquam
1036 2583 1099 2649 nisi
1113 2585 1155 2648 de
1171 2585 1268 2650 rebus

170 2687 301 2771 liquidis
322 2689 375 2753 vel
399 2691 526 2776 liquore
548 2691 734 2780 temperatis
745 2691 788 2775 ⁴⁹)
811 2693 948 2757 verbum
969 2691 1071 2776 χρίειν
1092 2713 1268 2780 usurpave-

169 2804 254 2859 runt.
298 2820 364 2861 non
386 2798 498 2864 dubito
524 2802 599 2887 quin
626 2800 845 2868 Callimachus
869 2801 1053 2887 scripseritz

605 2907 727 2996 σποδιῇ
748 2905 951 2993 κεχρωμένσς
973 2905 1056 2997 uidi)

171 3013 225 3078 vel
246 3012 271 3078 si
293 3016 394 3080 mavis

606 3125 729 3215 σποδιῇ
751 3123 974 3208 κεχρωσμένος
995 3119 1087 3214 αἰδῇ.

171 3227 291 3295 Aratus
315 3219 567 3318 prognost.'106
579 3259 626 3320 sq.

251 3332 287 3403 εἴ
302 3362 337 3423 χε
359 3338 418 3422 μὲν
437 3331 686 3427 ύμφοτέροιςῡθ)
707 3329 823 3422 ύίμσδις
838 3339 1041 3424 κεχρωμένσς
1063 3333 1113 3424 εἴη
1134 3377 1186 3403 -—.

170 3446 224 3512 ubi
250 3446 323 3510 vide
348 3469 410 3531 quo
430 3459 524 3535 pacto
548 3449 707 3513 fluctuent
726 3449 800 3514 libri
823 3450 952 3537 scripti:
983 3445 1187 3531 κεχρωμένος
1209 3447 1267 3530 (ita

169 3555 232 3619 duo
257 3555 386 3622 codices
410 3558 552 3622 bonitate
573 3558 737 3645 conspicui
760 3555 894 3625 Stobaei
916 3558 1023 3640 eclog.
1047 3558 1143 3642 phys.
1155 3576 1187 3641 p.
1204 3554 1266 3620 544

181 3745 426 3755 ————.-.-..-

268 3859 315 3924 49)
338 3861 487 3913 cadistoa
508 3863 586 3914 etism
612 3865 640 3914 ln
657 3879 704 3914 eos
724 3865 800 3915 locos
821 3863 866 3914 nbi
889 3863 1004 3928 iungitur
1027 3849 1155 3928 χρώματι
1172 3859 1267 3925 χρίειν,

171 3964 199 4008 ut
217 3958 285 4009 Xon.
307 3959 402 4024 Cyrop.
422 3958 448 4021 7,
466 3959 538 4010 sud.
559 3977 579 4010 s.
599 3977 623 4009 v.
643 3949 788 4027 Αἰσχύλος.

269 4066 313 4136 50)
334 4069 441 4122 Scilicet
458 4076 485 4122 et
502 4073 582 4122 rubro
603 4077 629 4122 et
647 4072 722 4136 nigro
740 4072 837 4122 colore.
884 4067 996 4119 Parisiul
1016 4067 1036 4116 O
1066 4067 1195 4132 scriptura
1215 4057 1268 4133 ύμ-

170 4166 296 4234 φστέρων
326 4166 455 4232 adaptato
485 4172 526 4218 est
552 4167 588 4218 sd
609 4167 781 4232 depravatum
805 4166 915 4216 verbum
936 4161 1113 4229 κεχρημένος.
1152 4160 1269 4212 Avienus

169 4262 355 4328 interpretatur
374 4281 397 4313 v.
416 4260 470 4316 ‘235
488 4280 526 4330 sq.

368 4375 418 4410 cco
431 4362 571 4428 picturato
591 4359 709 4410 diversos
726 4371 772 4408 ors
791 4358 892 4406 coloreo

361 4455 472 4521 profert
489 4457 538 4504 stc.
