3156 5164
715 410 755 480 el

192 601 290 679 poeta
313 589 453 676 acutule,
474 593 623 662 lacrimas
643 592 831 660 hominihus
844 593 1011 681 exprimit.
1046 613 1154 677 neque
1170 592 1290 660 rectius

192 699 339 789 sapiebat
358 702 535 770 scholiasta
557 701 714 787 Platonis,
746 703 802 790 qui
821 701 862 770 ad
885 702 987 767 verbe
1007 722 1113 788 aymp.
1137 725 1169 789 p.
1193 700 1290 772 aleb

192 802 224 874 ol
247 807 283 875 δὲ
305 806 427 876 οἰκέται
447 809 503 878 καὶ
516 805 612 888 εἴτις
627 810 733 888 ἀλλος
759 809 828 877 ἐστὶ
848 804 988 895 βέβηλός
1006 832 1043 876 το
1064 809 1119 876 καὶ
1140 799 1292 895 ἀγροῖκος

190 911 297 995 πύλας
306 913 447 1002 μεγάλας
457 921 529 996 τοῖς
540 908 620 988 data
632 915 799 990 ἐπίθεσθε
814 918 916 984 haeae
927 917 1115 1004 adscripsit:
1137 915 1291 986 ἐντεῦθεν

189 1019 366 1111 waldene
390 1024 599 1110 Καλλίμαχος
621 1024 655 1098 ἐν
674 1020 763 1112 ὕμνῳ
786 1019 959 1111 Δίμητρος
980 1020 1129 1092 caldeos
1151 1019 1190 1096 ad
1213 1019 1286 1094 ‘dl-

192 1153 253 1215 ρος
275 1132 303 1200 δ’
326 1131 494 1202 ἐπίθεσθε
515 1132 666 1220 βέβηλοι]

291 1239 447 1328 Denique
468 1242 568 1312 ‘verbo
591 1263 720 1324 moneo,
751 1242 839 1329 quod
868 1250 942 1330 post
963 1240 1172 1310 Hercherum
1193 1241 1291 1312 facile

162 1433 163 1436 Ἴ
191 1347 306 1418 videre
327 1348 414 1433 licet,
446 1351 490 1421 de
522 1350 644 1422 Suidae
674 1351 784 1437 glossa
806 1372 888 1435 quae
912 1360 962 1420 est
983 1375 1009 1418 s.
1029 1375 1060 1416 v.
1082 1351 1292 1436 Πτολεμαῖος

191 1451 365 1544 Κυθήριος
385 1457 582 1530 hdeinekium
605 1460 710 1526 minua
730 1470 821 1528 recte
842 1460 1015 1528 iudicasse.
1053 1483 1193 1548 nemque
1210 1460 1290 1530 inte-

191 1566 356 1650 gerrimus
378 1577 428 1634 est
450 1570 605 1636 articulus
629 1570 704 1654 ille3
737 1567 855 1636 Suidas
881 1578 992 1634 autem
1013 1568 1204 1636 Ptolemaeo
1227 1568 1292 1636 Hs·

191 1672 384 1760 phaeatione
405 1700 482 1744 usus
502 1679 598 1746 huius
620 1679 661 1746 de
681 1677 889 1766 psalacantha
909 1677 1100 1744 ementitum
1124 1687 1290 1746 auctorem

194 1780 420 1850 Ptolemaeum
441 1783 647 1870 Cytherium,
669 1809 766 1871 quem
788 1809 855 1852 non
877 1785 1077 1873 inspexerat,
1098 1809 1193 1874 quam
1214 1785 1290 1854 Pto·

192 1887 356 1956 lamecum
372 1889 554 1978 Chaunum,
578 1916 675 1979 quem
696 1917 797 1960 unum
818 1893 1020 1982 inspexerat,
1037 1894 1206 1962 nominare
1221 1917 1287 1962 am-

192 1996 310 2068 bitiose
334 2001 459 2068 maluit.

708 2255 770 2322 IX.

291 2441 362 2506 Iam
389 2461 460 2524 nos,
493 2440 569 2524 qnia
598 2419 775 2506 immundum
801 2439 886 2505 attic
915 2452 962 2505 eat
991 2443 1060 2505 miri
1079 2440 1167 2529 qaod
1185 2440 1291 2526 reficit

192 2549 353 2631 amictas,
388 2547 494 2618 missis
523 2549 717 2636 fragmentis
752 2547 918 2616 corollarii
948 2549 1023 2616 loco
1053 2548 1291 2637 explicabimus

194 2653 352 2738 quaedam
378 2679 421 2723 ex
440 2657 627 2741 hymniset
649 2657 891 2746 epigrammatis
922 2655 1114 2724 Callimachi
1144 2665 1289 2746 sumptas

194 2973 256 3010 cero
276 2958 384 3010 Tuscul.
405 2959 417 3007 Ι
437 2956 471 3010 39
492 2955 610 3021 (Gallim.
629 2961 679 3026 trg.
700 2956 764 3026 363)
792 2975 955 3030 quamquam
974 2975 1030 3012 aaa
1048 2961 1121 3010 male
1141 2962 1180 3012 aa't
1200 2961 1292 3012 Ualla·-

194 3055 324 3118 mactas,
351 3057 436 3106 malta
461 3058 569 3124 saepius
595 3057 754 3108 lacrimasse
787 3055 931 3107 Priamum
959 3071 1042 3124 qaam
1064 3055 1193 3108 Troilum.
1219 3057 1245 3105 h.
1268 3071 1291 3104 e.

194 3149 348 3216 simpliciter
368 3150 389 3202 si
408 3151 555 3217 loquimur:
574 3168 626 3218 quo
646 3152 757 3220 quisque
778 3151 875 3203 diutins
896 3153 968 3214 vivit,
988 3167 1020 3202 so
1043 3151 1132 3217 plnres
1151 3165 1293 3200 aerumnas

193 3245 299 3310 patitur.
338 3246 491 3296 nominatur
514 3245 620 3296 omnino
638 3246 758 3296 Priamus
774 3262 822 3311 pro
837 3247 961 3313 exemplo
977 3247 1064 3297 miseri
1080 3244 1195 3297 hominis
1207 3241 1288 3310 (Plut-

196 3340 280 3405 Gryll.
295 3357 318 3390 o.
330 3330 486 3408 6Προοὶμου
504 3332 749 3409 βαρυποτμότερος,
768 3342 859 3394 olor.
872 3343 935 3393 trist·
948 3339 1026 3404 VIP,
1035 3337 1060 3402 7,
1078 3339 1151 3405 alia),
1169 3355 1219 3391 nso
1233 3355 1290 3390 non

192 3433 340 3502 grandaevi
359 3432 394 3496 (a.
412 3451 434 3486 e.
454 3437 526 3486 anth.
546 3437 604 3487 Pal·
625 3437 676 3486 XII
694 3435 769 3498 191).
789 3442 870 3504 atque
892 3416 1062 3502 opponuntur
1081 3435 1246 3487 siblTrollus
1264 3439 1292 3485 st

192 3531 316 3582 Priamus
336 3536 366 3582 ut
383 3547 464 3597 puero
484 3547 569 3583 senex
586 3547 603 3580 a
623 3530 747 3583 Stratone
768 3547 873 3600 quoque
892 3532 1051 3584 Callimachi
1070 3532 1290 3597 epigrammatum

190 3627 322 3679 imitatore
342 3629 415 3678 anth.
435 3627 491 3680 Pal
510 3629 560 3678 Xll
581 3626 645 3680 191:
665 3625 750 3696 ἐχθὲς
763 3629 883 3694 Τρωίλος
903 3620 943 3680 ὢν
959 3624 1019 3683 πῶς
1036 3625 1133 3694 ἐγένου
1146 3626 1291 3694 Πρίαμος;

193 3722 298 3774 collatis
326 3724 405 3788 igitur
434 3725 570 3776 Plutarchi
604 3725 691 3777 uerbis
715 3726 909 3776 Callimachum
931 3725 1103 3791 exprimentis
1128 3723 1230 3776 oonaol.
1254 3723 1291 3772 ad

193 3817 317 3881 Apollon.
340 3833 362 3867 o.
383 3815 417 3868 24
436 3822 518 3887 μεῖον
534 3812 588 3889 γὰρ
613 3811 698 3877 ὅπως
719 3820 839 3887 Τρωίλος
856 3809 1007 3887 ἐδάκρυσεν
1026 3809 1042 3883 ἢ
1062 3820 1192 3887 Πρίαμος
1211 3816 1291 3886 (quae

193 3916 317 3962 secuntur
336 3912 434 3962 laenna
454 3919 515 3965 sunt
534 3917 641 3968 turbata
659 3924 685 3968 et
712 3918 751 3968 sie
770 3919 825 3968 fars
851 3915 1038 3967 instauranda:
1064 3915 1188 3966 videntur
1215 3894 1292 3970 οὗτος

192 3997 421 4076 δ’[εἰπσχέστερος
434 3996 470 4058 ἂν
489 3996 531 4075 ἦν]
562 4010 587 4060 εἰ
604 4002 830 4095 προετελεύτησεν
848 4009 886 4063 ἔτι
904 4000 1077 4080 ἀκμαζούσης
1093 4002 1165 4076 αὐτῷ
1182 4006 1291 4074 τῆς-βα-

191 4102 383 4167 aristotele),
401 4119 471 4173 qnae
490 4109 646 4172 pentametri
664 4124 788 4160 numeros
803 4109 917 4176 prodere
931 4107 1052 4159 Ernestio
1073 4112 1144 4158 recte
1162 4105 1291 4157 rideban-

192 4207 242 4267 tur,
263 4201 392 4253 credibile
411 4201 535 4265 dixerim,
558 4204 743 4256 sententiolam
759 4205 838 4256 istam
855 4205 925 4258 tituli
941 4205 1098 4272 sepulcralis
1116 4203 1144 4254 in
1162 4203 1289 4256 infantem

194 4296 281 4362 scripti
301 4297 401 4348 exitum
420 4298 509 4350 inisse.
537 4297 611 4352 rides
629 4303 718 4352 autern
737 4299 789 4350 hoc
807 4299 907 4352 dietum
927 4315 963 4352 ex
980 4299 1120 4352 celebratis
1136 4299 1217 4351 fuisse
1230 4297 1290 4348 Cal-

194 4393 310 4442 limaehi.
