3156 5164
825 430 846 494 2
951 521 960 530 .

292 609 531 675 Callimaoheae
550 610 660 704 poesis
681 609 938 697 eruditionisque
959 610 1069 696 imago
1092 612 1319 680 multominus
1341 615 1382 680 sit

293 739 451 807 expressa
470 742 507 785 ac
531 718 683 786 distincta
705 741 801 803 quam
819 739 891 784 esse
915 728 947 783 ct
969 720 1072 807 possit
1086 729 1118 784 et
1134 719 1260 787 debeat.
1285 731 1381 808 atque

292 827 453 912 equidem,
466 827 495 893 ai
517 827 582 892 mei
601 827 799 892 mentionem
816 827 896 891 tanti
912 828 1051 893 nominis
1064 831 1238 895 memoriae
1250 831 1382 898 subiun-

259 957 261 962 ’
289 956 370 1021 gere
389 935 438 1000 fas
460 944 519 1020 est,
542 935 593 1001 cui
614 945 689 1001 anto
711 936 772 1000 hos
794 944 859 1002 tres
876 958 978 1002 annos
997 936 1187 1022 contigisset
1203 948 1238 1003 ut
1254 939 1383 1026 prodita

291 1045 330 1110 de
355 1047 423 1108 uita
444 1045 560 1108 studita
578 1047 713 1130 ⁴a'apena'o
735 1047 867 1129 scriptia
894 1042 1092 1109 Callimachi
1113 1048 1383 1113 commentatione

290 1155 453 1220 auferrem
477 1153 656 1240 praemium
675 1153 714 1218 ab
737 1152 856 1218 illustri
877 1154 1146 1242 philosophorum
1164 1157 1198 1222 in
1220 1157 1385 1223 academia

244 1245 247 1253 ¹
289 1263 448 1328 Viadrina
471 1261 586 1328 ordine
608 1261 830 1345 constitutum,
858 1262 1068 1346 aliquamdiu,
1091 1263 1205 1340 fatcor,
1238 1274 1305 1330 toto
1328 1285 1383 1352 pe·

290 1381 378 1437 ctore
404 1371 545 1458 cogitavi
570 1370 610 1435 de
635 1370 778 1456 paranda
801 1370 1058 1457 fragmentorum
1083 1371 1276 1438 Callimachi
1301 1377 1385 1438 nova

290 1481 442 1546 editione:
477 1489 551 1568 post
573 1501 646 1544 cum
669 1481 816 1546 audirem
836 1480 993 1569 Ottonem
1016 1480 1255 1548 Schneiderum
1279 1482 1384 1548 virum

290 1589 511 1655 doctissimum
537 1598 569 1653 ct
582 1589 805 1654 acutissimum
826 1589 934 1676 deque
956 1589 1156 1657 Callimacho
1174 1590 1297 1656 dudum
1318 1605 1384 1656 rne-

289 1697 508 1763 rentissimum
531 1697 565 1764 in
589 1719 627 1762 eo
651 1717 734 1782 esse,
762 1707 799 1762 ut
821 1697 862 1762 ad
883 1698 1074 1763 umbilicum
1095 1698 1274 1763 adduceret
1293 1699 1386 1785 longi

291 1805 413 1872 laboris
427 1826 508 1892 opus
519 1806 669 1894 pluribus
684 1807 806 1872 recenti
819 1792 1096 1872 memoria'mente
1109 1809 1265 1892 agitatum
1278 1807 1386 1874 studio

292 1915 491 1997 incohatum,
520 1914 639 1980 cedere
661 1915 780 2000 potiori
801 1915 888 1980 haud
911 1926 1044 2002 gravate
1078 1915 1243 1998 constitui,
1275 1937 1314 1980 ea
1334 1937 1387 1980 me

292 2023 465 2088 consolans
479 2022 751 2108 consideratione,
766 2025 853 2111 quod
868 2045 940 2088 meo
953 2023 1049 2088 alicui
1061 2023 1270 2088 incommode
1282 2024 1388 2106 fieret,

239 2145 249 2158 ‘
291 2131 378 2196 idem
407 2131 511 2196 videri
537 2129 729 2202 Callimachi
753 2131 817 2196 mei
846 2131 917 2197 fieri
939 2131 1120 2196 commodo.
1162 2153 1219 2210 ac,
1242 2154 1284 2196 ne
1310 2132 1388 2216 quid

293 2239 407 2324 celem,
431 2239 607 2305 deliniebat
629 2241 725 2304 etiam
751 2241 894 2327 specula,
914 2243 984 2306 fore
1007 2240 1152 2306 fortassis
1173 2249 1210 2304 ut
1233 2240 1273 2304 de
1295 2239 1387 2306 aetiis

292 2347 485 2416 Callimachi
515 2346 611 2413 aliam
631 2349 835 2417 Schneidero
867 2348 1060 2414 sententiam
1082 2349 1289 2435 contingeret
1309 2369 1382 2436 per·
1450 2366 1454 2376 ·

289 2459 437 2526 suadere.
484 2465 517 2522 et
545 2457 772 2544 hoic'qaideat
796 2461 981 2546 quaestioni
1000 2477 1093 2522 cacat
1117 2457 1201 2522 diem
1231 2456 1385 2524 alchimus.

291 2568 325 2631 in
345 2565 530 2653 praesentia
553 2587 632 2630 vero
649 2589 721 2632 cum
736 2587 874 2652 operose
897 2566 1094 2631 retractandi
1113 2576 1145 2630 et
1161 2566 1287 2631 curiose
1311 2586 1386 2634 con·

292 2673 444 2762 quirendi
466 2672 680 2739 declinandus
713 2673 792 2738 mihi
817 2674 910 2739 labor
940 2674 992 2757 sit,
1025 2674 1145 2738 imitari
1174 2684 1292 2760 poetae
1320 2677 1385 2740 mei

290 2794 460 2870 capuchon
481 2795 595 2867 pectas
617 2791 715 2868 atque
741 2781 840 2847 edere
863 2803 929 2847 non
951 2778 986 2848 ἓν
1007 2771 1125 2866 diacope
1145 2781 1295 2868 διηνεκές,
1326 2783 1383 2848 sed

291 2889 490 2977 promiscuas
528 2899 753 2978 aporematum
787 2889 1083 2957 Callimaeheorum
1117 2885 1158 2956 ad
1197 2893 1385 2976 fragmenta

290 2998 432 3064 maxime
462 2998 677 3086 spectantium
706 2999 883 3064 solutiones
915 2999 949 3064 in
980 3000 1086 3065 animo
1109 3009 1167 3066 est.
1211 3023 1286 3066 nam
1311 3015 1385 3078 cum

290 3106 467 3171 universim
496 3105 573 3170 huic
603 3127 732 3192 quoque
760 3106 950 3172 versicolori
982 3128 1019 3171 ac
1045 3108 1168 3172 minuto
1192 3109 1308 3194 generi
1329 3131 1387 3174 sua

291 3224 438 3279 constare
461 3214 531 3279 laus
561 3213 670 3298 debet,
703 3213 800 3278 modo
830 3225 867 3279 ut
901 3213 1144 3280 administretur
1171 3217 1386 3301 laudabiliter,

291 3331 358 3387 tuam
380 3322 534 3388 nimirum
564 3322 709 3386 molienti
742 3321 877 3408 plenum
907 3331 971 3386 tam
1006 3324 1224 3411 multiplicum
1255 3335 1386 3411 tamque

291 3431 452 3497 variarum
475 3431 699 3516 quaestionum
716 3453 809 3516 opus,
833 3432 928 3516 quale
953 3442 1001 3497 est
1017 3433 1274 3519 fragmentorum
1289 3432 1386 3499 Calli-

291 3539 397 3604 machi
429 3537 541 3624 editi0,
573 3549 666 3626 grata
693 3539 867 3605 ministrari
898 3525 1035 3606 aliorum
1063 3542 1228 3607 tenuicula
1255 3541 1385 3606 inventa

291 3649 479 3714 arbitrabar.
515 3639 591 3715 οὐδὲ
614 3643 673 3733 γὰρ
694 3637 773 3713 diaeo
793 3652 938 3734 σμικρῶν
957 3645 1035 3728 τούς
1054 3644 1214 3735 μεγάλους
1235 3648 1334 3738 φασὶν
1353 3643 1385 3714 oi

293 3753 464 3844 λιθολόγοι
484 3757 603 3836 λίθους
627 3745 663 3823 εὖ
683 3762 818 3825 κεῖσθαι
845 3759 954 3841 (Plato
978 3759 1044 3845 leg.
1067 3761 1106 3824 10
1128 3781 1159 3846 p.
1181 3759 1243 3823 902
1265 3757 1322 3842 D).

1420 3853 1428 3882 t
