3156 5164
728 393 770 458 27

203 573 302 663 plone
322 597 389 642 non
411 579 602 645 conveniret
620 577 654 643 in
675 578 837 643 rationem
860 599 924 664 qua
955 578 1145 664 ceteroquin
1178 577 1314 664 nugari„

205 683 297 750 solet.
340 683 441 750 immo
471 685 506 750 in
530 684 680 750 omnibus
709 674 946 767 ἀπορουμένων
974 682 1299 769 interpretationibus

203 790 285 856 locis
307 792 410 858 utitur
431 793 593 879 genuinis,
616 791 850 858 commenticiis
874 791 1060 879 explicandi
1081 791 1299 856 adminiculis.

203 921 286 987 quac
310 908 377 966 tota
400 898 615 965 consideratio
639 919 679 962 oo
702 919 761 964 nos
784 897 874 962 ducit
895 896 1093 979 necessario,
1113 909 1149 961 ut
1168 915 1300 962 versum

200 1007 295 1074 illum
326 1031 443 1074 revera
474 1007 708 1096 edespoton
739 1007 921 1090 credamus,
953 1005 986 1070 h.
1017 1023 1044 1070 e.
1082 1005 1143 1069 fuit
1177 1015 1300 1070 vetus

201 1115 486 1203 proverbium.
529 1138 671 1204 namque
694 1117 727 1181 in
738 1116 860 1201 vulgus
876 1123 1012 1198 constat,
1034 1115 1119 1180 inter
1136 1113 1301 1202 paroemia

204 1221 328 1291 Graeca
349 1225 437 1289 haud
458 1245 577 1312 paucos
601 1223 804 1290 circumferri
826 1223 1035 1288 hexametros
1050 1223 1119 1286 sire
1134 1221 1302 1309 popularis

202 1333 400 1400 inventionis
424 1355 481 1400 seu
505 1355 548 1398 ex
571 1333 732 1398 continuis
755 1337 901 1416 sumptos
919 1331 1127 1396 carminibus.
1161 1353 1299 1417 quorum

204 1442 363 1528 quaedem
399 1442 568 1507 continent
603 1440 735 1529 proprio
765 1439 898 1504 nomina
930 1460 989 1524 pro
1017 1438 1098 1503 certi
1131 1437 1300 1504 hominum

204 1549 329 1616 ordinis
350 1549 483 1615 notione
506 1549 721 1637 usurpatam)
768 1555 864 1635 atquo
878 1549 917 1612 ab
929 1542 1061 1610 nomine
1076 1546 1207 1632 quidem
1222 1544 1300 1611 lioet

203 1658 353 1722 conferre
373 1657 615 1742 Phocylideum
637 1659 701 1741 frg.
725 1657 762 1721 1:

245 1758 300 1826 καὶ
320 1755 396 1828 τόδε
415 1762 629 1828 Φωκυλίόεω·
650 1761 770 1847 Λέριοι
793 1760 902 1826 κακοί·
923 1753 983 1842 οὐχ
1006 1755 1023 1826 ὃ
1044 1753 1173 1843 piade
1194 1753 1273 1828 ὄόὖ.

286 1863 407 1947 πάντες
430 1865 516 1956 πλὴν
537 1867 741 1953 Προκλέους·
760 1869 815 1934 καὶ
836 1867 1005 1955 Προκλέης
1025 1867 1159 1955 Λέριος.

210 1977 392 2061 proverbiis
415 1999 495 2044 vero
527 1977 573 2044 ite
603 1977 720 2042 habitis
749 1999 830 2062 quae
852 1975 929 2042 insit
950 1979 1113 2070 sententie
1134 1976 1301 2044 interdum

204 2085 291 2150 houd
313 2087 476 2154 ita‘faeile
498 2087 587 2154 dictu
610 2098 669 2154 cst.
712 2097 801 2152 recte
833 2087 920 2152 euim
953 2097 1065 2154 monet
1092 2088 1302 2154 Hermennus

200 2192 240 2258 ad
262 2193 386 2261 Aescb.
409 2195 476 2282 Ag.
500 2196 560 2262 36:
583 2197 687 2260 multe
704 2195 881 2280 proverbia
904 2209 967 2260 tum
981 2193 1161 2282 fortuitam
1185 2193 1302 2260 baberet

203 2303 373 2386 orr'pr'oem,
396 2327 467 2368 eam
482 2319 528 2387 ret,
551 2307 620 2370 nisi
629 2327 707 2368 casu
725 2317 856 2368 seruata
868 2318 914 2367 eet
932 2307 1098 2386 memoria,
1122 2325 1214 2368 nemo
1226 2325 1299 2388 pce

200 2413 244 2476 eit
265 2435 387 2476 muers.
442 2421 475 2478 et
494 2413 528 2476 in
548 2413 714 2499 praesenti
736 2413 868 2510 quidem
891 2435 1003 2477 caussa
1028 2434 1067 2476 eo
1088 2412 1194 2476 minus
1218 2411 1299 2476 certi

201 2519 372 2606 quicquam
386 2529 537 2610 statuere
559 2521 656 2605 lieet,
689 2520 842 2606 quoniam
875 2519 1079 2586 desideretur
1109 2521 1298 2586 Ptolemaeo

204 2628 324 2694 certior
341 2630 434 2695 testis
467 2651 531 2715 quo
556 2639 758 2716 compertum
786 2629 973 2713 habeamus,
1008 2651 1091 2718 quae
1120 2630 1170 2694 vis
1193 2628 1299 2714 ψολοκ-

202 2730 310 2823 κὰκθῃ
333 2736 467 2802 infuerit
490 2739 545 2802 vel
567 2738 674 2826 potius
694 2739 801 2805 inesse
826 2739 950 2804 credita
973 2739 1022 2804 sit.
1065 2759 1127 2804 nec
1142 2737 1299 2804 dissimile

204 2843 274 2908 veri
306 2852 366 2924 est,
403 2845 486 2911 illud
508 2846 720 2932 proverbium
740 2847 804 2912 iam
828 2846 1008 2912 Ptolemaei
1036 2847 1193 2911 memoria
1221 2846 1299 2910 sub·

206 2952 380 3019 obscurum
397 2954 509 3037 fuisse,
528 2965 565 3020 ut
589 2955 738 3043 inprimis
751 2953 889 3042 dignum
904 2958 1010 3022 visum
1029 2956 1071 3022 sit
1087 2957 1297 3044 grammatico
1409 2981 1413 2996 “

201 3060 236 3126 in
258 3085 322 3150 quo
344 3073 448 3130 artem
471 3089 562 3131 suam
578 3064 763 3131 luculenter
775 3068 939 3152 probaret.
983 3067 1159 3154 suspiceris
1179 3076 1299 3150 tamen,

202 3171 364 3238 contineri
385 3173 483 3239 talem
505 3195 652 3240 sensum:
682 3175 813 3238 fortuna
838 3173 1003 3240 interdum
1026 3175 1116 3262 ipsos
1139 3174 1307 3264 pessimos·

201 3279 358 3364 sequitur.

305 3387 376 3452 Iam
397 3387 474 3453 vide
501 3389 591 3474 mihi,
623 3411 720 3474 qnam
749 3390 919 3456 commode
949 3390 983 3454 in
1009 3390 1171 3456 officinam
1194 3413 1212 3455 e
1236 3413 1299 3477 qua

202 3495 353 3562 exierunt
374 3519 478 3586 norae
500 3497 653 3562 historiae
671 3497 884 3586 introspicere
905 3496 1076 3586 possimus.
1119 3498 1299 3564 hebebatur

301 3817 348 3885 34)
367 3821 468 3872 Herum
486 3824 514 3874 iu
532 3839 643 3874 numero
662 3825 748 3874 refero
768 3839 794 3874 r.
816 3839 838 3874 e·
857 3837 977 3874 versum:

385 3913 416 3966 ἐν
434 3913 466 3966 δὲ
485 3914 646 3989 διχοστασίῃ
665 3913 897 3986 rarescentes
916 3918 1094 3986 πολεμαρχεῐ.

125 4043 127 4050 ·
201 4025 279 4082 quem
297 4025 316 4062 a
333 4010 468 4062 lleinekic
485 4013 534 4077 trg.
554 4028 622 4062 com.
642 4014 680 4062 lV
697 4029 723 4078 p·
742 4011 796 4066 698
824 4013 919 4064 comici
937 4013 1181 4078 poetaelmmerito
1205 4011 1298 4063 heberi

199 4113 263 4176 puto
282 4109 388 4161 ceneda
405 4108 601 4162 variationibus
620 4123 688 4176 ques
706 4111 817 4176 praebet
835 4109 968 4161 Zenoblus
986 4124 1060 4175 prov.
1080 4108 1117 4159 ΠΙ
1137 4104 1173 4158 77
1191 4112 1298 4174 (peros-

199 4205 293 4270 mlogr.
314 4205 432 4270 Gotting.
454 4205 468 4256 1
485 4221 511 4272 p.
528 4200 564 4258 'ib
583 4203 633 4274 sq·)
654 4203 685 4256 ἐν
702 4201 916 4274 δὲ-διχοστασίρ
934 4205 979 4254 καὶ
997 4199 1012 4254 ὁ
1031 4195 1174 4271 πάγκακος
1191 4202 1298 4273 ἔμμορε

199 4297 280 4366 τιμῆς
296 4305 330 4354 et
346 4299 377 4354 lv
394 4293 449 4368 γὰρ
465 4293 606 4372 ἀμηχανίῃ
629 4299 677 4351 καὶ
699 4303 834 4368 Καρκίνος
851 4298 960 4370 ἔμμορε
977 4297 1066 4368 τιμῆς.
1095 4301 1149 4351 elta
1172 4299 1299 4365 exempla

200 4397 250 4449 sibl
271 4397 356 4464 quiris
371 4400 429 4464 ipse
446 4399 519 4451 facul
538 4399 648 4467 mgcuo
665 4411 683 4450 ο
698 4399 946 4468 moraremur
966 4399 1112 4466 conque«.
