3156 5164
831 391 870 458 16

307 579 504 639 monstrasse
526 592 601 636 cum
622 569 774 634 adnotat:
796 569 869 634 vide
889 593 933 634 ωι
954 571 1089 636 rutilae
1109 585 1141 636 et
1162 585 1339 658 corruptae
1354 596 1409 636 υο-

307 704 359 746 eea
377 683 564 766 pertineant
587 679 634 742 ad
642 677 869 764 frapmentum
896 675 989 744 CXL
1032 677 1227 748 Callimachi
1244 682 1408 768 fragmen-

305 800 376 854 tum
397 789 452 852 vel
482 787 590 876 potius
617 786 802 871 fragmenta
833 809 915 874 quae
945 800 1180 856 commemorat
1212 789 1312 856 habet
1332 789 1407 858 Sto·

306 897 405 964 baeus
428 898 490 962 ΝΘ
507 895 567 960 enh
589 894 683 958 titulo
703 893 781 978 περὶ
803 894 966 974 ναυτιλίας
986 897 1040 962 καὶ
1062 896 1222 982 ναυαγίου,
1247 899 1303 962 1οε

431 990 496 1069 εὖτ’
521 994 650 1085 ἆνέμων
668 997 818 1087 μεγάλων
837 1008 967 1088 πνεῦμα
984 1001 1157 1090 διωλύγιον

428 1219 628 1304 redopertae·
650 1206 671 1306 ἧ
692 1214 829 1304 παύρων
850 1212 963 1304 ὄλβιός
983 1220 1056 1314 ἐσσι
1074 1221 1166 1304 μέτα,

388 1326 550 1413 ναυτιλίης
570 1319 608 1406 ὃς
629 1331 700 1413 νῆιν
721 1324 807 1424 ἔχοις
828 1327 921 1410 βίον·
944 1322 1012 1394 ἀλλ’
1034 1326 1114 1413 ἐμὰς
1136 1326 1219 1396 uiola

427 1431 566 1519 κύμασιν
584 1433 719 1521 aientes*
732 1436 857 1518 μᾶλλον
879 1434 1069 1521 ἐσῳκίσοιο.
1085 1438 1146 1522 ¹⁹).

303 1546 450 1611 inlibris
476 1545 606 1632 scriptis
629 1547 736 1633 primo
758 1546 867 1610 versui
896 1547 997 1633 vulgo
1019 1548 1211 1634 praefigitur
1235 1544 1405 1632 Καλλιμά-

303 1677 372 1734 χου,
395 1653 499 1718 tribus
523 1652 579 1737 qui
599 1653 791 1719 insecuntur
810 1656 871 1718 τοῦ
891 1645 1003 1736 αὐτοῦ,
1023 1655 1057 1719 in
1078 1655 1162 1720 libro
1182 1655 1403 1722 Escorialensi

305 1762 439 1850 optimo,
462 1761 549 1846 quod
570 1783 623 1825 me
645 1761 756 1826 docuit
779 1759 1037 1846 Duebnerusw),
1063 1763 1167 1828 altero
1188 1763 1263 1828 loco
1284 1765 1404 1852 repeti·

303 1882 357 1936 tur
379 1865 600 1954 Καλλιμάχου.
624 1881 710 1938 totus
731 1893 810 1936 vero
831 1871 961 1937 habitus
978 1881 1131 1955 quattuor
1149 1893 1304 1936 versuum
1325 1873 1403 1938 satia

309 1989 398 2048 certo
420 1979 540 2046 indicio
556 1990 615 2064 est,
635 1980 787 2046 hocloco
811 1980 1002 2067 priusquam
1017 2001 1152 2065 gravem
1166 1981 1271 2046 labem
1291 1981 1401 2046 arche-

303 2099 402 2176 typus
422 2089 569 2166 traxerit,
592 2111 654 2175 qua
680 2098 713 2152 et
733 2097 809 2153 ante
833 2110 863 2152 v.
889 2089 905 2150 1
939 2097 972 2152 et
997 2087 1084 2152 inter
1112 2111 1142 2152 v.
1166 2090 1180 2151 l
1204 2089 1278 2152 eti
1306 2089 1402 2175 plura

303 2199 460 2262 exhausta
482 2198 557 2279 sint,
574 2197 742 2281 integrum
761 2196 964 2285 epigramma
983 2197 1202 2283 perscriptum
1224 2196 1334 2262 fuisse.
1355 2206 1400 2260 at·

303 2329 367 2394 que
389 2306 424 2372 in
445 2307 493 2371 eis
518 2327 598 2390 quos
619 2305 756 2392 periisse
779 2304 848 2368 dixi
871 2305 1042 2370 versiculis
1063 2303 1135 2384 tuit,
1154 2305 1220 2370 nisi
1239 2305 1401 2392 meschil,

304 2418 361 2482 ille
384 2417 455 2503 ipse
478 2440 497 2480 a
519 2437 583 2499 quo
607 2439 718 2482 sumus
741 2415 860 2480 exorsi.
893 2435 976 2499 quae
997 2413 1128 2498 quidem
1149 2414 1336 2479 coniectura
1355 2413 1401 2476 fa·

304 2526 366 2591 oile
388 2525 442 2590 vel
464 2525 504 2589 ab
526 2523 586 2588 hac
609 2523 857 2588 commendatur
877 2521 1148 2602 consideratione,
1170 2522 1258 2606 qnod
1279 2523 1399 2587 submi·

305 2633 444 2702 randum
466 2631 645 2716 videretur,
668 2631 804 2696 nitidam
824 2630 1051 2697 sententiolam
1076 2629 1280 2714 Callimachi,
1302 2653 1400 2719 quem

303 2740 466 2809 Stobaeus
487 2738 633 2827 alioquin
648 2737 825 2824 diligenter
840 2738 881 2804 ad
896 2748 1005 2826 partes
1028 2748 1132 2822 vocat,
1154 2760 1226 2805 esse
1238 2739 1311 2805 istic
1321 2760 1400 2822 neg·

300 2851 432 2933 lectam,
460 2847 515 2914 uhi
538 2857 742 2934 apponantur
770 2847 952 2912 sententiae
972 2846 1108 2911 Homeri
1138 2857 1171 2910 et
1199 2847 1296 2912 Arati
1318 2868 1398 2930 quas

302 2981 377 3025 cum
398 2956 621 3023 Callimachea
642 2955 841 3043 comparavit
863 2954 1133 3042 scholiographus
1146 2955 1344 3021 Homericus
1366 2963 1400 3018 et

300 3090 342 3136 ne
363 3065 537 3154 Sophoclis
560 3048 692 3149 quidem
713 3086 827 3129 vorsus
850 3089 869 3128 a
890 3064 983 3128 nobis
1007 3087 1105 3151 supra
1126 3063 1216 3128 allati
1246 3064 1395 3128 omittan-

301 3187 362 3258 tur,
375 3175 414 3258 21)
436 3196 512 3239 cum
531 3172 724 3258 praesertim
746 3172 824 3236 talia
843 3170 1034 3238 Callimachi
1058 3183 1153 3237 acute
1176 3171 1263 3236 dicta
1286 3173 1396 3237 admo·

399 3427 445 3494 19)
468 3428 499 3476 V.
519 3427 533 3477 l
553 3432 659 3478 servata
677 3426 799 3476 codicum
819 3428 948 3493 scriptura
965 3419 1078 3495 ἀνέμων
1093 3417 1224 3495 μεγάλων
1242 3429 1328 3494 recepi
1344 3429 1398 3477 Da-

300 3527 396 3576 oieriae
416 3523 630 3575 emendationem
649 3519 760 3590 πνεῦμα
787 3521 858 3583 (libri
875 3520 969 3590 κῦμα),
999 3539 1068 3592 qnae
1094 3526 1157 3575 mihi
1174 3525 1278 3576 videtur
1304 3523 1397 3573 confir·

299 3622 366 3672 mari
387 3621 511 3686 Antiphili
532 3620 723 3684 epigrammate
743 3619 815 3668 anth.
836 3620 894 3668 Pal.
917 3618 1095 3684 V11641‚4:

447 3703 498 3765 εὖτ’
517 3705 552 3765 ἂν
568 3714 747 3782 θλιβομένοιο
764 3715 829 3765 ποτὶ
847 3709 944 3766 στενὸν
963 3707 1061 3773 ὗιλατος
1080 3709 1131 3784 ἀὴρ

498 3803 581 3861 αὐλὸν
598 3803 745 3880 ἀποστείλῃ
764 3808 899 3878 νινεῦμα
917 3802 1110 3879 διωλύγιον
1128 3841 1171 3864 -.
1225 3807 1229 3814 ’

300 3913 390 3959 cetera
417 3907 576 3958 hlainekium
606 3908 709 3958 Gallim.
737 3925 762 3972 p.
781 3906 833 3960 297
860 3913 968 3959 secutus
995 3910 1126 3960 constitui.
1151 3884 1218 3960 inter
1246 3927 1270 3958 v.
1292 3906 1303 3958 l
1333 3907 1397 3960 et3

298 4011 410 4071 possunt
426 4006 504 4055 etiarn
524 4010 577 4055 tres
598 4021 690 4056 versus
707 4005 881 4056 intercidisse,

398 4097 442 4162 ⁴20)
463 4100 492 4148 ln
510 4101 604 4152 ceteris
622 4100 687 4150 nihil
707 4101 789 4150 habet
809 4101 1004 4166 discrepantiae
1023 4101 1094 4169 qnod
1115 4107 1208 4152 notatu
1228 4102 1336 4167 dignum
1354 4102 1394 4152 sit.

315 4217 317 4222 ¹
398 4194 443 4261 21)
463 4194 631 4260 Quamquam
650 4196 713 4244 nolo
728 4201 817 4246 tacere
834 4197 914 4248 hniua
933 4197 1037 4263 quidem
1058 4198 1206 4262 argumenti
1224 4199 1276 4247 vim
1298 4214 1329 4249 eo
1349 4200 1396 4249 irn-

300 4293 381 4344 minui
400 4308 454 4342 non
473 4293 589 4358 infringi,
609 4292 681 4360 quod
702 4294 837 4360 Euripidis
855 4293 964 4360 quidam
987 4309 1076 4344 verens
1089 4293 1204 4344 eundem
1222 4294 1311 4344 locum
1324 4310 1396 4345 com·
1473 4295 1476 4300 “

300 4405 403 4440 munem
424 4395 568 4440 tractantes
593 4389 665 4455 apud
683 4388 830 4441 Stobaeum
849 4391 868 4440 l.
889 4406 909 4440 s.
937 4390 1038 4440 desunt.
1070 4390 1119 4440 Dio
1139 4389 1276 4456 Chrysoet.
1299 4388 1342 4456 64,
1361 4393 1394 4442 9:
