3156 5164
823 421 865 487 32

304 600 522 687 quaestiones.
565 600 768 687 seposuimus
789 611 895 666 autem
917 601 979 666 tria
998 589 1134 666 numero
1152 599 1235 683 loca,
1268 601 1332 667 duo
1356 602 1398 668 ob

302 708 485 791 argumenti
506 708 736 795 proprietatem
759 730 860 774 unum
883 707 924 773 ob
954 707 1133 773 sententiae
1165 709 1399 776 obscuritatem

302 813 444 879 maxime
464 815 637 880 celebrata.

403 919 510 986 Notus
540 923 657 1006 cuique
688 933 738 988 est
767 921 880 1007 hymni
912 922 946 986 in
971 921 1164 1010 Apollinem
1185 921 1398 992 Callimachei

303 1027 464 1115 epilogus,
498 1030 552 1113 qui
580 1029 722 1114 agitatae
752 1030 839 1095 inter
868 1027 1107 1096 Callimachum
1129 1041 1162 1097 et
1182 1032 1400 1121 Apollonium

303 1135 474 1201 simultatis
499 1137 631 1201 unicum
653 1147 784 1224 praeter
806 1136 976 1225 Apollonii
999 1137 1201 1225 epigramma
1220 1141 1307 1206 anth.
1328 1139 1398 1206 Pal.

302 1245 355 1311 XI
376 1243 439 1311 275
464 1253 613 1331 superest
634 1250 889 1310 monumentum.
935 1244 1102 1331 epilogum
1121 1247 1208 1331 quod
1229 1246 1305 1314 illos
1326 1270 1400 1313 ver·

302 1377 357 1422 sus
380 1353 459 1439 dixi,
487 1354 533 1419 ita
557 1352 762 1438 redarguere
785 1354 968 1418 summatim
991 1353 1081 1420 volui
1102 1355 1263 1423 mirabilia
1287 1356 1399 1423 docto-

301 1485 375 1528 rum
411 1463 580 1528 hominum
611 1470 812 1543 commenta,
858 1461 973 1546 quibus
1007 1463 1070 1528 hoc
1104 1473 1141 1528 ut
1179 1464 1400 1552 explicaretur

303 1569 561 1653 elaboraverunt,
582 1567 670 1653 quod
691 1567 781 1634 nulla
801 1569 898 1653 plane
920 1571 1106 1656 argumenti
1127 1571 1322 1639 continuitas
1345 1595 1397 1638 co·

302 1678 481 1763 gnoscitur,
505 1700 568 1764 qua
588 1700 619 1740 v.
635 1676 799 1742 loe-113
820 1686 853 1740 et
875 1677 928 1764 qui
951 1680 1151 1764 praecedunt
1172 1679 1257 1745 inter
1278 1703 1313 1745 sc
1332 1681 1399 1769 apti

303 1787 377 1852 sint.
421 1786 542 1851 etenim
564 1804 635 1850 rem
656 1807 720 1850 acu
739 1783 848 1869 tetigit
871 1784 1039 1853 Merkelus
1064 1787 1120 1852 ubi
1143 1788 1325 1876 suspicatus
1348 1798 1398 1854 est

303 1894 446 1981 (proleg.
469 1894 503 1957 in
523 1892 680 1980 Apellen.
702 1914 734 1978 p.
756 1891 868 1976 XIX),
901 1891 979 1958 istos
1009 1915 1122 1960 versus
1152 1918 1170 1959 a
1199 1905 1295 1984 poeta
1326 1917 1398 1962 csse

304 2013 374 2067 tum
400 2001 540 2068 maxime
559 2000 702 2066 adiectos
724 2036 761 2046 —
784 2000 905 2066 rectius
928 2000 1065 2067 dixisset
1087 2003 1226 2089 pristino
1248 2004 1401 2070 carminis

303 2110 403 2175 exitui
427 2108 617 2174 substitutos
641 2107 739 2191 -⁴⁰),
762 2123 835 2172 cum
859 2108 1006 2193 singulos
1027 2109 1167 2195 hymnos
1194 2111 1331 2177 antehac
1352 2112 1400 2176 di·

303 2217 408 2283 rersis
431 2217 633 2303 temporibus
663 2239 724 2304 per
746 2217 952 2281 sollemnium
981 2218 1166 2285 occasiones
1197 2230 1343 2286 cantatos
1366 2222 1401 2287 in

302 2348 402 2391 unum
430 2324 606 2410 colligeret
627 2335 724 2412 atque
749 2324 871 2389 ederet.
897 2323 980 2420 'iam
1012 2323 1038 2389 si
1064 2349 1221 2414 quaeres,
1252 2351 1311 2394 our
1329 2339 1398 2395 tnn-

301 2435 377 2500 dem
397 2444 493 2522 poete
524 2433 600 2499 huic
624 2432 825 2520 potissimum
859 2431 992 2496 carmini
1014 2432 1113 2498 talem
1136 2433 1304 2520 epilogum
1325 2436 1399 2500 sub·

299 2545 456 2623 iunxerit,
489 2546 551 2609 hac
577 2544 707 2632 quidem
732 2543 766 2607 in
792 2565 829 2608 re
858 2543 1023 2626 aliquanto
1052 2542 1158 2607 minus
1187 2540 1398 2628 persuadebit

301 2653 447 2720 eiusdem
475 2653 614 2719 Merkeli
646 2652 777 2739 spinosa
800 2659 833 2714 et
852 2649 1054 2734 argutiarum
1081 2648 1179 2735 plena
1211 2649 1396 2736 disputatio.

301 2783 364 2849 ego
387 2759 543 2848 suspicor,
564 2782 631 2824 non
652 2760 750 2825 aliam
770 2780 917 2824 caussam
939 2759 1083 2840 subesse,
1112 2781 1206 2845 quam
1230 2757 1318 2843 quod
1339 2756 1398 2822 ille

298 2870 370 2957 ipse
396 2870 548 2956 hymnus,
583 2891 657 2934 cum
685 2873 867 2948 caneretur,
901 2866 940 2930 ab
971 2863 1152 2951 Apollonio
1181 2874 1218 2929 ut
1242 2864 1397 2930 minutior

299 2996 395 3062 quam
419 2978 474 3063 qui
498 2977 559 3042 deo
581 2983 752 3064 poetarum
770 2971 914 3036 antistite
928 2971 1047 3057 dignus
1072 2981 1157 3038 esset
1179 2974 1399 3060 reprehensus
1462 3036 1477 3062 ἣ
1505 3043 1510 3052 ,

299 3095 378 3151 erat.
422 3095 532 3150 cetera
554 3081 680 3150 consilii
697 3081 777 3145 ratio
790 3078 913 3166 pendet
935 3079 1053 3167 partim
1069 3101 1087 3144 e
1103 3081 1277 3147 verborum
1297 3081 1399 3168 serip-

299 3200 371 3256 tura
402 3213 468 3254 non
497 3191 617 3274 ubique
643 3189 720 3254 satis
743 3198 842 3254 certa.
887 3177 971 3253 infra
994 3189 1134 3254 scribam
1157 3188 1399 3254 versus105-

301 3300 360 3363 113
384 3300 497 3384 quales
519 3299 678 3363 librorum
710 3319 868 3362 consensu
900 3296 1080 3379 traduntur,
1108 3299 1237 3363 nonnisi
1265 3307 1398 3383 recepta

297 3432 328 3475 v.
355 3408 415 3472 105
442 3407 589 3472 Hecheri
623 3405 852 3470 emendatione
887 3403 938 3470 ἐπ’
963 3395 1055 3470 eiiam
1088 3429 1147 3495 prc
1170 3405 1320 3472 codicum
1342 3403 1394 3469 ἐπ’

300 3507 411 3596 eiicere,
437 3527 470 3581 et
490 3540 521 3580 v.
545 3516 604 3580 106
627 3515 835 3581 Meinekiana
857 3505 896 3579 οὗ
915 3509 998 3580 τόσα
1016 3537 1075 3603 pro
1097 3506 1164 3581 οὐδ’
1190 3509 1260 3582 ὅσα.

397 3620 415 3690 ό
437 3619 568 3712 φθόνος
589 3614 801 3699 Ἀπόλλωνος
821 3621 872 3688 ἐπ’
897 3612 989 3688 odera
1012 3618 1153 3708 λόθριος
1174 3615 1284 3688 εἶπεν·

397 3723 467 3797 ‘otia
486 3715 605 3818 όῖγαμαι
616 3730 657 3814 ⁴¹)
673 3725 731 3795 τόν
744 3722 857 3795 ἀοιδόν
871 3721 907 3808 ὃς
920 3722 959 3796 osi
974 3725 1056 3796 τόσα
1074 3726 1198 3808 πόντος
1215 3721 1334 3795 αἰείόει.ι

316 3924 563 3938 ...m-..-

345 4091 348 4099 ¹
399 4029 445 4094 40)
470 4032 534 4081 Nam
555 4031 692 4081 sollemnis
712 4030 845 4094 peroratio
865 4031 977 4096 αχαῖρε
990 4030 1118 4096 incipiens
1139 4029 1233 4080 deesse
1250 4043 1303 4078 non
1321 4031 1395 4094 pote·

300 4130 348 4176 rat.
370 4131 398 4175 at
415 4125 495 4176 facile
515 4141 567 4175 uuo
586 4129 688 4175 tantum
701 4123 841 4175 duobusve
861 4126 1006 4188 versieulis,
1029 4125 1072 4192 qui
1091 4124 1158 4175 illud
1176 4117 1207 4174 τὸ
1230 4119 1325 4179 meru
1343 4125 1395 4171 κεῖ-

298 4224 352 4272 θεν
368 4213 445 4291 ἀείδῃ
465 4222 653 4289 sequebantur,
672 4221 796 4272 constitit.
1259 4263 1261 4267 .

397 4315 444 4383 41)
469 4317 509 4369 Cf.
533 4317 642 4368 Nonnus
661 4317 821 4367 Callimachi
840 4317 963 4368 aemulus
980 4317 1063 4368 lector
1082 4317 1161 4366 Dion.
1174 4311 1396 4377 xxV111,180,

300 4412 364 4478 228,
385 4415 471 4463 xum
490 4411 549 4476 147,
569 4412 681 4462 xuvru
701 4413 760 4475 eeu,
778 4413 852 4463 auu,
