3156 5164
795 399 834 462 14

266 578 300 644 in
324 577 472 644 Cramori
494 575 608 642 sneod.
633 575 872 664 01.1p.64,7
893 569 1071 665 ἆοοιοτὲρω
1094 581 1263 650 καθίσασα
1278 579 1369 669 παρὰ

267 686 348 772 πυρί
378 683 598 752 ΟαΙΗιααοΙιοα
629 705 709 749 voro
732 705 820 770 asso,
849 707 916 752 non
944 688 1121 755 Homerios
1155 693 1210 774 (oi.
1236 694 1368 779 ρ512),

267 795 429 860 videntur.
475 804 607 858 atvero
628 794 664 858 in
686 815 756 860 sam
783 799 976 863 sententiam
1000 820 1084 885 quae
1105 805 1289 868 necessario
1317 825 1367 868 ro·

267 902 430 968 stituonda
463 911 513 967 ost
544 903 637 967 nullo
662 912 757 989 paoto
794 903 851 968 ἐπί
881 907 1027 990 quadrat.
1080 911 1226 976 seribere
1254 929 1366 999 posses

266 1015 401 1094 μεῖστον
421 1005 503 1075 ὑπαί
524 1005 661 1090 ναύταις,
687 1011 720 1075 ni
742 1007 824 1077 ύπαί
844 1015 951 1079 forms
971 1041 988 1080 a
1007 1015 1211 1084 Callimacho
1232 1035 1366 1106 prorsus

267 1121 373 1184 aliena
407 1128 503 1182 asset.
559 1119 669 1205 itaquo
700 1120 773 1206 plus
803 1121 938 1187 haborst
968 1125 1207 1210 probabilitatis
1231 1130 1367 1210 μεῖστσν

267 1228 294 1292 δ’
319 1223 540 1305 indomitum
562 1228 614 1292 vel
636 1232 772 1310 μεῖστον
794 1224 929 1295 ὕπεστιν
948 1221 954 1318 Ι
972 1227 1110 1311 ναύταις.
1151 1233 1210 1299 sed
1233 1238 1367 1324 propius

268 1337 359 1401 abest
383 1360 402 1399 a
424 1336 542 1402 tradito
575 1341 711 1420 μεῖστσν
741 1336 814 1403 ἐπεὶ
842 1333 979 1418 ναύταις,
1015 1342 1102 1427 quod
1133 1343 1212 1406 mihi
1236 1333 1367 1410 videtur

267 1466 380 1511 omnes
406 1445 643 1533 probabilitatis
662 1467 816 1513 numeros
841 1449 884 1512 ita
900 1449 1046 1536 explere,
1068 1461 1104 1514 ut
1117 1473 1177 1536 pro
1197 1473 1275 1516 varo
1294 1454 1365 1517 fero

267 1556 370 1642 possit
396 1553 519 1619 haberi.
541 1577 579 1618 ao
602 1555 740 1620 fortasse
762 1579 827 1620 uno
849 1559 950 1623 verbo
972 1559 1032 1623 ista
1055 1561 1218 1646 adaugere
1241 1561 1334 1626 licet:

268 1897 337 1946 lusos
355 1896 489 1960 exempla.
508 1895 643 1962 inquibus
664 1911 696 1946 oo
716 1897 826 1947 oonsilio
839 1902 919 1962 posta
938 1898 988 1948 sibi
1008 1900 1117 1949 assumit
1134 1901 1207 1950 illam
1221 1900 1363 1962 licentiam,

269 2001 298 2046 ut
315 1997 412 2046 Iterato
430 1996 527 2055 vooula
547 1996 580 2045 τέ
595 1996 678 2046 semol
705 1997 733 2045 In
758 1996 829 2046 arsin
855 1997 938 2046 oadal
968 1997 1100 2062 producta
1124 1999 1207 2048 semel
1230 1999 1314 2048 bruris
1336 1999 1363 2048 in

268 2093 365 2142 thesin.
385 2107 446 2142 nam
466 2092 518 2150 hoo
537 2092 648 2142 artifieio
669 2090 762 2142 mirum
783 2108 863 2158 quam
882 2108 963 2158 saepe
982 2093 1164 2146 Callimachus
1182 2110 1306 2144 numeros
1326 2094 1363 2143 di-

268 2189 384 2254 stinguit-
407 2191 440 2238 of.
461 2188 488 2238 in
507 2189 562 2238 Iov.
581 2187 615 2238 55
642 2181 711 2237 καλὰ
729 2185 785 2254 μὲν
802 2180 877 2252 ἦίξευ
896 2181 964 2238 καλὰ
986 2185 1127 2257 δ’ἕτριιφες
1147 2187 1296 2254 (Euphorio
1314 2192 1364 2256 frg.

270 2285 334 2336 dub.
355 2283 369 2334 2
396 2285 422 2333 in
449 2285 572 2334 Meinelrii
597 2284 712 2334 analeot.
737 2285 839 2350 scripsit
863 2285 943 2334 καλαί
969 2286 1024 2352 μέν
1043 2282 1104 2335 ποτ’
1131 2283 1206 2347 ἕσαν,
1233 2284 1313 2334 καλαὶ
1337 2284 1366 2334 αί

267 2371 355 2449 φόβαι
371 2373 528 2442 Εὐτελίδαο,
554 2396 608 2429 non
624 2379 703 2430 καλαὶ
721 2370 829 2448 φόβαι),
856 2382 883 2431 in
902 2381 1026 2446 spolia
1054 2375 1118 2436 ἑκὰς
1137 2375 1201 2436 ἑκὰς
1221 2373 1295 2438 ὅστις
1310 2373 1365 2430 ἀλι-

199 2503 208 2508 -
266 2468 336 2544 πρός,
356 2477 419 2528 ibid.
438 2473 474 2527 91
492 2469 520 2538 ἰὴ
541 2469 568 2538 iip
586 2473 701 2539 Παιῇον,
720 2476 784 2526 ibid·
805 2474 858 2528 103
877 2475 983 2538 eadam,
1004 2477 1084 2541 epigr.
1104 2477 1231 2526 XXVIIII
1250 2476 1267 2528 3
1284 2470 1367 2532 καλὸς

267 2567 282 2623 ὁ
303 2575 377 2634 παῖς,
390 2566 512 2640 Ἀχελῷι,
531 2571 590 2635 λίην
604 2563 686 2626 καλός
703 2573 862 2638 (hariolatus
875 2573 993 2623 Gobstus
1003 2587 1130 2623 mosmos.
1143 2573 1166 2623 X
1177 2591 1202 2638 p.
1216 2571 1268 2624 406
1279 2591 1318 2640 sq·
1331 2575 1365 2623 ol.

267 2670 299 2720 Ο.
320 2668 499 2720 Schneidsrus
518 2669 610 2734 philol.
630 2669 679 2718 XX
699 2687 722 2734 p.
737 2664 786 2720 151
810 2665 870 2736 sq).
891 2658 971 2736 atque
992 2669 1030 2718 its
1050 2671 1157 2719 omnino
1178 2671 1283 2720 variare
1302 2685 1366 2736 quo·

266 2781 379 2833 numqua
397 2765 478 2815 modo
497 2766 669 2832 quantitatem
688 2766 730 2815 vol
743 2770 883 2815 noeentum
901 2765 928 2814 in
941 2766 1079 2816 vooabulis
1092 2766 1208 2830 repetitis
1220 2767 1264 2815 val
1284 2779 1366 2816 mom-

263 2862 319 2912 bris
342 2861 469 2926 parilibus
482 2861 601 2925 impensa
620 2866 700 2910 amat.
719 2863 750 2910 oi.
771 2862 798 2911 in
813 2861 901 2926 Apoll.
921 2859 952 2912 19
970 2851 987 2924 ἢ
1006 2863 1117 2928 κίθαριν
1133 2851 1158 2924 ἦ,
1187 2862 1213 2910 ln
1233 2862 1311 2911 Dian.
1333 2859 1365 2912 14

264 2951 357 3017 πόσοις
374 2961 517 3022 tiramus,
536 2950 628 3015 πόσας
648 2957 695 3021 ἔτι,
713 2957 749 3010 43
767 2959 872 3020 eadam,
891 2957 925 3010 63
952 2947 1006 3007 o'dr’
1024 2947 1208 3021 όντηνλύίειν
1227 2945 1287 3008 οὔτε
1306 2947 1365 3008 κτύ-

264 3072 328 3119 πον,
352 3056 403 3110 138
421 3054 453 3126 τῇ
472 3053 512 3106 ἔνι
530 3053 585 3123 μὲν
603 3053 709 3118 Λητοῦς
728 3043 820 3121 γάμος
837 3051 953 3104 ἔσσεται.
982 3051 1013 3103 ἓν
1031 3050 1071 3115 δέ,
1098 3054 1124 3102 in
1143 3055 1202 3103 Del.
1222 3051 1258 3104 70
1280 3050 1366 3121 φεῦγε

264 3145 464 3219 μὲνᾍρκαιίίη,
493 3149 598 3219 φεῦγεν
616 3148 641 3200 d'
668 3140 739 3217 όρος,
764 3147 815 3201 194
836 3147 905 3201 ἔνθα
923 3140 1013 3205 Νότος
1031 3145 1090 3200 ἔνθ’
1109 3137 1204 3215 Εὖρος,
1224 3146 1275 3200 204
1294 3149 1366 3216 πέρα

265 3250 337 3316 πέρα
360 3249 398 3304 είς
415 3245 475 3316 ἐμέ,
495 3245 548 3298 280
567 3247 598 3297 αἶ’
612 3262 640 3296 τε
658 3240 727 3314 πρὸς
743 3239 820 3310 ἠοίην
839 3247 870 3296 ui
884 3243 913 3296 θ’
933 3241 1053 3311 ἕσπερον
1069 3241 1121 3296 αἵτ’
1139 3237 1190 3296 ἀνὰ
1208 3247 1325 3313 μέσσην,
1338 3247 1365 3296 in

268 3347 357 3397 Gerar.
378 3343 412 3395 64
433 3335 528 3410 τεύχεο
547 3341 636 3411 δῶμα,
655 3334 721 3393 κύον
737 3333 810 3405 κύον,
833 3324 854 3408 ᾧ
873 3339 922 3404 ἔνι,
948 3338 983 3392 87
1001 3331 1017 3404 ἢ
1036 3339 1113 3392 ἔπεσ’
1133 3339 1161 3398 ἐξ
1178 3342 1273 3392 ἵππων
1291 3331 1308 3404 ἢ
1326 3339 1364 3404 ἓν,

267 3437 302 3490 92
321 3431 357 3492 ὠς
382 3432 413 3486 dl
435 3437 561 3504 Μίμανιι
577 3426 657 3502 χιών,
685 3429 728 3498 ὥς,
759 3433 810 3485 120
825 3421 1079 3503 χαῖρέπολυτρόφε
1105 3432 1317 3505 πουλυμέιίιμνε,
1338 3436 1365 3485 1ο

267 3536 322 3585 lav.
343 3533 406 3583 Min.
428 3531 480 3584 199
498 3522 549 3582 σύν
571 3529 594 3580 τ’
618 3523 746 3598 εὐανορίᾳ
765 3521 816 3583 σύν
833 3527 856 3581 τ’
875 3521 994 3599 ιύγμασι
1022 3522 1072 3583 σύν
1096 3529 1120 3581 τ’
1144 3525 1290 3598 ὀλολυγαῖς.
1312 3544 1365 3580 non

267 3631 356 3695 dispar
376 3635 432 3679 arto
453 3644 545 3679 versus
565 3628 700 3694 anonymi,
726 3629 805 3678 saoilo
823 3628 990 3688 Callimaohi,
1020 3629 1092 3694 apud
1114 3630 1183 3680 Plut.
1210 3629 1243 3679 de
1265 3627 1362 3678 ourios.

265 3724 298 3776 l:
318 3715 408 3775 ὅσσον
425 3715 498 3790 ὕδωρ
519 3720 576 3773 κατ’
587 3713 749 3786 {rubrosi
770 3719 850 3791 δρυός
868 3717 944 3792 ἀμφὶ
962 3723 1073 3787 πέτηλα,
1094 3726 1222 3775 emendo:

420 3811 510 3870 ὅσσον
527 3811 601 3887 ὕδωρ
619 3809 791 3882 κατακλύζον,
811 3811 864 3869 ὅσα
887 3814 968 3888 δρυὸς
986 3811 1062 3889 ι’ίμφι
1080 3819 1190 3884 πέτηλα.

265 3919 298 3968 oi.
318 3917 536 3968 Anaoreontioor.
557 3917 622 3966 XIII
642 3914 655 3968 1
677 3933 733 3984 sqq.
761 3917 869 3984 Bergk,
897 3918 988 3968 Manil.
1009 3917 1033 3966 V
1052 3915 1102 3968 731
1122 3935 1161 3986 sq.
1188 3914 1280 3983 (ovid.
1299 3917 1363 3968 trist.

265 4013 289 4062 V
308 4011 334 4074 2,
352 4011 386 4064 23
403 4029 459 4080 sqq.
481 4027 516 4063 ex
537 4015 566 4064 P.
585 4008 654 4076 117,
674 4013 708 4065 25
730 4030 786 4081 sqq.
806 4014 884 4076 alias,
903 4013 983 4078 Vorg.
1009 4013 1073 4064 Aen.
1096 4010 1227 4080 V1309).
1254 4014 1308 4063 iam
1326 4014 1365 4062 1ο-

265 4109 316 4160 ο11ο
334 4109 469 4174 perspicis,
494 4109 530 4159 ad
556 4109 630 4159 idem
649 4108 767 4160 studium
788 4109 876 4160 redire
896 4107 1049 4159 alternandi
1075 4113 1145 4159 artos
1167 4109 1365 4160 Gallimaoheas

266 4219 282 4254 a
307 4205 440 4255 Msinakio
469 4201 572 4256 Gallim.
600 4223 625 4272 p.
645 4203 697 4258 207
721 4222 778 4274 sqq.
802 4206 932 4258 subtiliter
964 4206 1121 4270 explioatas.
1166 4207 1243 4256 latini
1267 4211 1365 4271 postas

264 4301 383 4352 maximo
402 4301 513 4352 Ovidius
531 4307 559 4352 st
578 4301 728 4366 Propertius
755 4315 808 4368 quo
828 4305 907 4366 paolo
929 4301 995 4350 talia
1014 4299 1140 4351 aemulati
1163 4301 1214 4352 sint
1238 4317 1364 4354 enarrare

265 4395 373 4461 longum
392 4399 440 4446 ost.
