3156 5164
695 391 736 464 33

206 625 208 632 ,
272 575 330 646 τὸν
344 574 480 645 Φθόνον
500 570 664 643 Ἀπόλλων
684 576 766 642 ποδί
785 577 813 640 ι’
837 566 954 664 ἤλασεν
975 561 1084 643 tdddt'
1108 563 1229 643 ἔειπον.

275 679 446 780 *Ἀσσυρίου
467 689 634 767 ποταμοῖο
656 683 755 770 μέγας
777 681 863 771 ῥόος·
875 685 917 772 ⁴²)
940 677 1021 750 ἀλλὰ
1041 680 1082 749 τὰ
1102 680 1210 750 πολλὰ

271 789 447 878 λόματαΰ)
470 797 528 880 γῆς
537 794 592 859 καὶ
602 789 728 859 πολλὸν
747 792 797 881 ἐφ’
817 788 909 858 iidem
927 787 1250 881 ovpprvtvt'taafl)

269 906 355 988 Δηοῖ
379 903 406 968 δ’
431 893 490 968 οἰκ
510 893 578 966 οἷπό
599 896 724 979 παντὸς
745 887 833 985 ’ὕδωρ
854 899 1014 989 φορέουσι
1035 899 1194 983 μέλισσαι,

270 1003 338 1076 ἀλλ’
363 1006 434 1096 ἥτις
453 1005 583 1094 καθαρὴ
605 1033 641 1074 τε
664 1009 719 1073 καὶ
739 999 916 1093 ἅχρόανιος
937 999 1121 1093 detonat)

272 1118 412 1197 πίδακος
432 1116 469 1200 ἐξ
490 1112 585 1203 ἱερῆς,
611 1108 702 1202 ὀλίγη
721 1113 823 1199 λιβός,
845 1107 946 1200 ι’ίκρσν
969 1105 1148 1196 όωνονω)

270 1230 361 1312 χαῖρε
382 1217 471 1308 όῖναξ,
495 1221 513 1292 ὁ
538 1225 573 1292 δὲ
597 1229 729 1308 Μῶμος
749 1225 788 1289 ἵν’
816 1221 834 1290 ό
860 1219 994 1302 Φθόνος
1016 1221 1101 1290 ἔνθα
1124 1221 1240 1289 νέοιτο.

274 1337 329 1402 Ab
352 1337 465 1402 ultimo
488 1359 586 1401 versu
608 1345 645 1401 ut
668 1335 794 1400 initium
818 1336 992 1423 capiamus,
1017 1335 1112 1400 facile
1134 1341 1270 1422 apparet

174 1445 275 1511 verba
300 1440 318 1510 ὁ
343 1444 379 1510 δὲ
402 1448 535 1528 Μῶμος
555 1445 596 1508 ἵν’
623 1439 799 1523 ὁΦθόνος
823 1441 908 1511 ἔνθα
928 1443 1033 1509 νέοιτο
1056 1466 1123 1510 non
1149 1444 1269 1509 habere

170 1577 284 1619 sanum
305 1554 512 1642 explicatum.
557 1563 591 1618 et
614 1554 743 1641 quidem
760 1564 849 1619 recte
866 1564 1018 1636 statuere,
1042 1556 1174 1636 Μῶμον
1190 1573 1271 1617 eun-

171 1663 245 1728 dem
278 1685 348 1728 esse
378 1686 415 1727 ae
446 1657 591 1728 Φθόνον.
652 1663 739 1750 quod
770 1673 806 1726 ut
832 1663 1012 1727 rationibus
1043 1663 1270 1727 confirmarent

171 1770 378 1858 perapposite
389 1770 437 1835 uti
452 1771 497 1834 eis
511 1771 670 1856 exemplis
681 1778 845 1858 poterant,
860 1770 975 1857 quibus
988 1770 1189 1836 Welckerus
1204 1769 1269 1834 alte

171 1880 314 1944 Denkm.
329 1880 380 1944 III
403 1901 434 1966 p.
458 1879 519 1944 256
540 1880 666 1966 probat,
688 1903 706 1943 a
734 1880 839 1965 poetis
856 1878 995 1963 antiquis
1010 1879 1196 1964 promiscue
1211 1902 1265 1944 no-

175 1988 290 2052 minari
302 1991 434 2071 Μῶμον
457 1995 489 2050 et
514 1980 658 2052 Φθόνον.
702 1987 747 2050 ita
760 2009 790 2050 v.
804 2010 832 2054 c.
845 1987 983 2052 Babrius
1000 1988 1061 2052 fab.
1076 1985 1155 2052 LIX
1169 1989 1206 2051 17
1219 2011 1266 2075 sq.

267 2099 374 2181 πειρῶ
396 2119 427 2161 τι
449 2098 569 2174 ποιεῖν,
590 2090 648 2160 νόν
673 2089 808 2160 Φθόνον
829 2093 865 2160 δὲ
887 2092 932 2181 μὴ
953 2096 1081 2180 κρίνειν.

268 2197 406 2289 οῗρεσνόν
428 2199 542 2281 ἁπλῶς
563 2195 657 2269 οὐδέν
680 2202 748 2269 ἐστι
770 2206 818 2289 τῷ
841 2199 972 2291 Μώμῳ.

171 2334 268 2398 quam
289 2314 330 2376 ob
353 2334 497 2375 caussam
518 2311 652 2396 vulgata
671 2311 794 2376 dudum
815 2323 864 2377 est
882 2313 981 2399 inque
997 2313 1266 2378 ordinemaMei-

63 2507 67 2513 Ι
168 2421 266 2484 nekio
290 2440 395 2504 nuper
415 2429 546 2505 recepta
569 2419 753 2485 emendatio
777 2443 819 2484 ex
843 2420 988 2485 Aldinae
1010 2421 1162 2487 editionis
1186 2444 1267 2485 mar-

168 2529 248 2614 gine
279 2535 407 2614 sumpta
427 2527 481 2605 ¹t'v'
516 2521 534 2592 ό
564 2521 707 2614 φθόρος.
759 2550 855 2613 quam
891 2528 1042 2613 equidem
1073 2530 1266 2618 scripturam

170 2635 295 2700 etiamsi
321 2635 464 2698 omnium
487 2643 573 2698 esset
595 2634 744 2698 codicum
765 2634 913 2720 praecise
924 2636 1154 2723 improbarem.
1187 2660 1266 2702 num

168 2743 222 2827 qui
249 2742 336 2811 enim
360 2743 506 2808 Graecus
528 2736 583 2807 ἴθι
607 2736 693 2806 ὅπου
715 2737 849 2829 φθόρος
870 2741 957 2809 ἔστιν
977 2768 1037 2832 pro
1057 2739 1113 2810 ἴθι
1133 2741 1267 2833 ἒςφθό·

167 2871 234 2933 ρον,
258 2848 312 2912 vel
323 2849 487 2914 Romanus
501 2847 557 2912 abi
574 2847 633 2911 ati
651 2849 740 2911 mala
764 2871 847 2913 crux
868 2864 914 2914 est
934 2874 994 2938 pro
1017 2851 1075 2915 abi
1092 2855 1128 2916 ιἰι
1146 2852 1267 2916 malam

165 2980 291 3021 crucem
313 2957 366 3066 vel
388 2957 493 3021 simile
515 2979 574 3045 pro
606 2957 704 3022 simili
734 2982 887 3045 umquam
920 2959 1026 3025 dixit?
1060 2981 1127 3025 non
1157 2959 1265 3026 credo.

165 3089 239 3131 nem
264 3088 306 3130 ne
331 3067 434 3131 dicam
458 3067 499 3131 de
521 3065 681 3130 constanti
703 3089 740 3130 ac
766 3066 918 3133 sollemni
943 3066 1103 3132 brevitate
1120 3069 1160 3132 ab
1175 3068 1262 3131 omni

164 3174 307 3239 novandi
329 3175 435 3239 studio
469 3184 537 3238 tuta
556 3196 648 3258 quae
680 3174 764 3238 solet
792 3175 902 3238 talium
937 3177 1150 3240 formularum
1182 3194 1263 3259 esse,

162 3281 224 3345 ista
240 3281 484 3346 circumlocutio
498 3304 572 3344 cum
585 3281 674 3345 miris
694 3281 799 3347 modis
821 3282 976 3368 langueat
995 3294 1063 3348 tum
1083 3285 1263 3349 adnectam

163 3388 330 3471 cogitandi
355 3388 515 3453 rationem
538 3388 642 3474 aptari
666 3410 765 3476 aegre
777 3399 895 3476 potest.
940 3414 1080 3476 quaeum
1096 3392 1262 3477 aliquanto

260 3715 306 3780 42)
327 3718 367 3767 cf.
388 3717 498 3769 Nonnus
517 3719 594 3770 Dion.
617 3720 652 3770 VI
672 3719 733 3784 311,
754 3722 831 3773 alias.

262 3807 306 3876 43)
327 3812 445 3878 Hesych·
464 3803 570 3881 triptota
590 3853 596 3864 .
615 3853 619 3864 .
640 3852 644 3863 .
666 3811 721 3865 ,τὰ
739 3808 911 3882 καθάρματα.

259 3905 304 3973 44)
325 3909 443 3974 Hesych.
462 3903 541 3960 ἕλκει.
559 3902 661 3975 ἀνάγει.
688 3901 771 3977 σύρει.

258 4003 304 4070 45)
326 4004 445 4068 Hesych.
464 3995 593 4070 ἆνέρπει·
612 3997 763 4072 ἀνέρχεται.
783 4007 913 4057 indicavit
932 4007 1081 4058 Meinekius
1100 4009 1143 4059 sd.
1163 4008 1190 4057 h.
1209 4025 1233 4057 v.

259 4097 303 4165 46)
322 4101 392 4150 Hinc
417 4101 559 4166 sumpsisse
580 4102 720 4166 Agathiam
747 4103 807 4153 hist.
827 4102 906 4154 1130
932 4096 963 4153 τὸ
983 4093 1069 4170 ἄκρον
1085 4094 1173 4155 ἄωτον
1191 4097 1258 4153 κατὰ

158 4187 208 4256 τὴν
223 4196 336 4259 ποίησιν
354 4196 430 4248 omisi
447 4211 655 4247 commemorare
675 4198 717 4248 ubi
736 4193 936 4249 Callimachsao
953 4199 1077 4252 lectionis
1095 4214 1164 4266 quae
1184 4200 1258 4264 apud

162 4293 305 4356 Agathtam
333 4293 502 4344 inveniuntur
528 4293 641 4357 vestigia
663 4293 802 4360 composui
827 4294 860 4344 de
884 4294 987 4345 Gallim.
1012 4295 1080 4361 cyd.
1104 4313 1130 4361 p.
1150 4295 1198 4346 101
1220 4311 1258 4363 sq.

160 4389 194 4436 cf.
213 4387 350 4442 Heckerus
369 4394 511 4440 comment.
534 4389 640 4441 Gallim.
657 4406 684 4456 p.
705 4389 764 4440 111.

1042 4481 1062 4544 3
