3156 5164
826 379 868 442 20

309 562 329 626 l.
353 585 377 627 s.
400 583 531 626 versum
553 561 650 628 istum
673 562 706 626 in
726 561 875 628 Hecalcn
896 555 1028 626 carmen
1051 559 1219 628 heroicum
1243 559 1404 646 coegisse.

309 668 349 734 cf.
376 670 471 734 etiem
496 668 680 736 Meinekius
704 668 833 738 Gallim.
853 693 884 758 p.
907 669 980 736 308.

829 975 891 1041 VI.

408 1171 529 1238 Suidss
558 1197 583 1239 s.
609 1194 640 1238 v.
667 1170 885 1256 μαλκίστατον
921 1171 983 1235 hoc
1012 1170 1190 1259 interponit
1224 1169 1405 1258 adespoton

307 1280 563 1348 hemistichium:
587 1341 588 1344 ,

655 1384 731 1456 τόδε
753 1413 811 1473 μοι
831 1388 1049 1484 μαλκίατατον
1069 1373 1164 1474 ἦμαρ.

310 1515 391 1580 quae
414 1494 517 1559 verba
539 1514 610 1560 esse
633 1493 776 1559 Hecales
799 1494 964 1560 Theseum
987 1514 1029 1558 ex
1051 1493 1192 1582 hospitio
1208 1517 1266 1560 suo
1281 1504 1403 1560 moeste

311 1603 504 1668 dimittentis
536 1602 700 1669 coniciunt
722 1603 869 1670 Naelrius
892 1625 1002 1690 opusc.
1024 1603 1060 1668 II
1080 1624 1113 1690 p.
1138 1602 1200 1667 239
1222 1611 1255 1668 et
1275 1603 1403 1669 Hecke·

309 1736 365 1778 rus
388 1723 562 1781 comment.
584 1712 714 1779 Gallim.
736 1737 769 1801 p.
793 1713 865 1797 123,
888 1713 1026 1777 ludendi
1048 1713 1142 1776 venia
1162 1735 1237 1776 usus
1258 1712 1328 1797 ille,
1348 1713 1403 1778 hic

311 1823 537 1906 confidentius,
552 1823 703 1907 quoniam
719 1830 814 1910 caput
829 1819 1015 1904 induxerat,
1027 1818 1172 1899 suidam,
1190 1819 1243 1907 qui
1260 1819 1403 1888 Hecaten

306 1929 453 1993 rua-nibus
476 1941 636 1993 versasset
656 1933 699 2015 (p.
712 1929 778 2009 86),
800 1948 883 2011 quse
903 1926 1067 2014 proferret
1090 1927 1161 1993 sine
1181 1929 1321 1996 auctoris
1347 1953 1404 1997 no·

307 2039 588 2123 mincfragmenta
601 2037 694 2124 epica
709 2058 751 2100 ex
767 2035 823 2099 illo
840 2034 983 2100 carmine
996 2035 1173 2124 sumpsisse
1185 2037 1402 2126 pleraque.²⁶)

291 2156 341 2209 *at
364 2145 478 2211 videre
499 2155 639 2230 uterque
652 2143 802 2228 debebat,
825 2142 948 2210 Suidae
963 2142 1216 2230 explicationem
1227 2144 1403 2229 μαλκίστα-

307 2273 382 2322 τον·
415 2249 634 2340 ψυχρότατον,
660 2250 727 2322 τύδ’
759 2254 833 2339 ἐμοί
855 2265 918 2320 etc.
945 2276 1007 2320 nec
1043 2278 1118 2322 cum
1144 2279 1182 2322 es
1212 2281 1308 2345 quom
1339 2266 1402 2324 sta·

307 2373 402 2430 tuunt
436 2365 706 2454 interpretatione
735 2388 795 2431 nec
826 2387 906 2431 vero
931 2389 1004 2432 cum
1036 2365 1115 2454 ipsis
1148 2373 1264 2453 poetae
1293 2367 1402 2432 verbis

307 2474 415 2560 qualia
438 2475 595 2560 leguntur
618 2495 715 2562 posse
737 2474 915 2558 conciliari,
937 2473 1066 2559 quando
1092 2473 1223 2560 quidem
1237 2495 1333 2540 nemo
1356 2473 1403 2539 di·

308 2592 361 2650 cet
383 2582 545 2648 dictumve
567 2577 950 2670 intellegemusesse
974 2576 1183 2668 ψυχρότατον
1203 2568 1299 2668 ἦμαρ.
1329 2605 1402 2669 per·

308 2692 416 2778 spexit
438 2701 547 2756 autem
572 2690 634 2755 hoc
658 2689 699 2758 Ο.
724 2691 955 2775 schneiderus,
990 2690 1044 2774 qui
1073 2689 1187 2776 philol.
1215 2689 1267 2757 IV
1287 2714 1319 2778 p.
1340 2691 1403 2756 565

309 2797 451 2863 correxit

511 2899 637 2991 [ψύξει]
659 2901 735 2972 τόδε
756 2931 815 2990 μοι
830 2907 1047 2991 μαλκίστατον
1068 2893 1198 2995 ἧπαρ,

307 3021 491 3099 comparato
514 3014 634 3079 Aesch.
656 3015 765 3080 Prcm.
788 3039 818 3080 v.
840 3016 923 3082 692:
955 3010 1099 3102 πήματα,
1121 3010 1256 3100 λύματα,
1278 3013 1400 3098 δείματ’

307 3115 387 3202 ἐμὰν
404 3124 409 3200 Ι
429 3112 572 3214 ἇμφύιιει
594 3121 715 3208 κέντρῳ
740 3117 858 3208 ψύχειν
877 3119 994 3210 ψυχάν.
1030 3147 1154 3209 verum,
1176 3133 1213 3188 ut
1237 3123 1403 3211 scripserit

307 3227 494 3314 Aeschylus
518 3224 635 3315 ψύχειν
657 3225 774 3316 ψυχάν,
798 3232 885 3317 quod
904 3232 1027 3298 dudum
1046 3231 1229 3299 Meinekius
1251 3231 1401 3298 emende-

306 3337 353 3399 vit
373 3331 491 3424 ψύχειν
514 3339 716 3419 (Dindorfius
739 3335 869 3426 ψήξειν)
890 3336 1008 3426 ψυχάν,
1039 3350 1147 3406 tamen
1166 3336 1294 3426 ψυχρὸν
1313 3325 1401 3426 ἧπαρ

305 3447 363 3510 vix
384 3468 421 3510 ac
440 3467 481 3511 ne
510 3445 568 3510 vix
601 3446 732 3530 quidem
764 3446 923 3512 sermonis
951 3445 1068 3512 Gracci
1101 3471 1178 3512 usus
1211 3448 1285 3510 fert.
1327 3469 1401 3510 nam

306 3553 486 3638 iunguntur
510 3553 641 3638 quidem
663 3579 681 3618 e
703 3554 808 3642 poetis
838 3556 937 3620 haece
968 3576 1116 3642 quaeque
1149 3553 1285 3620 finitima
1317 3553 1399 3619 sint:

305 3646 395 3748 ἧπαρ
419 3662 532 3726 dolore
554 3663 621 3741 (vel
645 3685 837 3750 quocunque
858 3663 991 3749 affectu)
1025 3666 1181 3748 taoqitur,
1201 3667 1402 3749 pereuntum

307 3781 339 3838 ot
359 3756 448 3858 ἧπαρ
464 3767 624 3856 fripesca't
646 3772 835 3860 similesque
857 3773 1085 3863 translationes
1097 3773 1274 3860 diligenter
1289 3793 1401 3839 omnes

305 3889 473 3947 caverunt.
499 3880 739 3968 reponendum
761 3891 859 3969 puto:

668 3983 706 4053 τὸ
728 3988 764 4054 δέ
783 4013 841 4072 μοι
862 3987 1080 4072 μαλκίστατον
1101 3981 1204 4072 εἶαρ.

299 4306 302 4312 ·
406 4293 450 4360 25)
471 4295 510 4346 Of.
539 4295 572 4345 0.
596 4293 777 4345 Schneiderus
804 4293 837 4343 de
858 4292 962 4344 Gallim.
991 4307 1062 4357 oper.
1084 4291 1137 4343 tab.
1164 4307 1232 4359 quae
1256 4297 1332 4342 extet
1356 4307 1399 4358 ap.

305 4392 379 4442 Suld.
399 4409 424 4457 p.
447 4391 459 4442 l
482 4408 549 4458 sqq,
569 4396 660 4442 nostra
679 4391 866 4441 commentatio
890 4391 923 4440 de
943 4389 1047 4440 csllim.
1069 4388 1135 4452 Cyd.
1157 4405 1183 4454 p·
1205 4385 1265 4450 100,
1287 4389 1309 4439 1.
