3156 5164
744 347 749 356 ’
818 395 840 471 s

282 600 313 663 p.
333 576 374 642 29
387 597 458 664 sqq.
494 576 663 665 prooemio
694 577 837 646 Hecales
867 576 1019 654 carminis
1051 577 1173 646 heroici
1201 578 1266 664 ing,
1290 579 1379 666 quod

282 689 489 754 tractavimus
512 687 594 752 falso
617 686 811 754 vindicasse.
842 688 932 754 onius
946 689 1076 755 omnino
1098 697 1164 754 tota
1184 689 1246 754 ista
1268 688 1378 776 dispu-

289 798 366 863 tatio
385 796 559 883 multiplici
590 796 784 876 dubitationi
816 796 957 864 obnoxia
979 806 1037 863 cst.
1082 807 1194 864 contra
1215 797 1250 867 iu
1270 798 1379 866 action

278 892 423 993 ¹prologo
457 905 565 971 locum
592 903 675 968 illud
705 904 878 989 hahuisse,
908 927 975 974 non
1007 905 1085 971 ilico
1119 928 1193 974 oum
1225 905 1379 972 Hcckero

285 1023 459 1081 comment.
486 1013 618 1081 Callim.
641 1034 672 1098 p.
694 1014 731 1081 51
748 1036 819 1099 sqq.
840 1013 1004 1080 affirmare
1026 1016 1139 1082 ausim.
1180 1015 1326 1102 quippini
1347 1015 1381 1082 in

286 1121 559 1212 epigrammatis?
603 1121 701 1186 immo
722 1121 831 1190 nescio
854 1145 896 1186 an
917 1139 1006 1209 quos
1021 1122 1062 1187 ad
1083 1123 1167 1188 hane
1196 1123 1300 1210 ipsam
1323 1123 1379 1188 du·

286 1254 362 1298 ecre
382 1229 602 1319 opinationem
626 1231 730 1318 possit
747 1240 859 1317 aperta
875 1230 1012 1302 imitatio
1031 1231 1192 1300 Stratonis
1208 1232 1380 1300 anth.‘Pal.

286 1340 358 1408 XII
380 1339 412 1423 4,
432 1341 469 1405 6:

412 1442 694 1530 ἑξετικαιδέκατον
716 1443 752 1514 δὲ
770 1449 863 1514 θεῶν
884 1443 968 1526 ἔτος·
990 1441 1172 1530 {orepavor
1193 1445 1229 1513 et

457 1581 463 1592 ·
492 1553 547 1622 καὶ
566 1553 701 1622 δέκατον
724 1555 829 1640 ζητεῖν
851 1547 923 1621 oria
945 1551 1045 1638 ἐμὸν
1066 1551 1172 1621 αλλὰ
1194 1550 1308 1634 Διός.

288 1665 399 1732 Strato
420 1662 507 1728 enirn
532 1671 685 1747 quantum
708 1663 822 1730 videre
844 1663 932 1747 lieet,
954 1664 1096 1732 maximo
1111 1665 1381 1752 epigrammatum

292 1770 483 1838 Callimachi
507 1771 654 1841 aemulus
674 1770 780 1850 fuiti)

390 1878 547 1946 Ceterum
568 1879 702 1944 discitur
722 1880 786 1946 hoc
810 1901 939 1967 quoque
963 1881 1126 1966 exemplo,
1160 1905 1222 1968 qua
1241 1881 1311 1949 fere
1337 1905 1385 1946 ra·

289 1988 378 2053 tione
405 1989 587 2076 quibusque
607 1989 809 2074 argumentis
833 1971 1053 2056 Callimachus
1076 1990 1219 2056 earmina
1241 1989 1383 2056 condere

289 2119 415 2184 magna·
431 2098 578 2174 sonantia
598 2095 797 2163 detrectarit.
841 2120 916 2164 narn
945 2097 1037 2166 vides
1068 2119 1141 2163 eum
1168 2101 1292 2164 urbana
1312 2099 1385 2164 istie

290 2206 337 2272 uti
359 2205 464 2271 ironia
484 2207 537 2286 (cf.
561 2203 602 2268 de
625 2203 752 2284 Callim.
777 2203 862 2289 Cyd.
886 2229 918 2292 p.
933 2206 952 2270 9
967 2208 1050 2292 sq·);
1071 2207 1148 2275 dum
1168 2207 1328 2294 imparem
1350 2228 1385 2285 se
1417 2291 1423 2297 .

290 2315 411 2380 fatetur
432 2313 551 2400 grandi
573 2314 718 2397 materia,
750 2313 853 2401 ipsam
881 2313 1035 2379 materiae
1055 2314 1274 2400 granditatem
1301 2313 1386 2379 deri·

290 2425 356 2489 det.
401 2445 537 2508 ecquem
568 2423 656 2490 enim
684 2425 791 2510 fugiet
816 2403 980 2489 cavillatio
1015 2446 1097 2510 quae
1128 2433 1177 2489 est
1207 2423 1242 2488 in
1274 2422 1383 2490 verbis

289 2531 371 2618 μέγα
391 2531 587 2620 ψοφέουσαν
610 2542 641 2596 et
662 2533 834 2599 τίκτεσθαι
854 2542 886 2596 et
906 2533 1073 2618 βροντᾶνῖ
1112 2555 1173 2616 qua
1196 2531 1329 2616 quidem
1351 2552 1388 2596 re

292 2625 477 2720 confirmari
500 2661 613 2704 eorum
634 2640 804 2704 veritatem
829 2662 911 2726 quae
933 2640 1169 2726 disputavimus
1192 2638 1232 2716 de
1255 2637 1387 2720 Gallim.

293 2744 380 2831 oye.
401 2770 432 2835 p.
455 2748 557 2815 r-ae
579 2747 674 2814 facus
700 2733 804 2836 quita
827 2749 924 2816 videt.

820 3076 863 3142 H.

401 3262 457 3328 Ad
479 3262 567 3328 aliud
590 3283 695 3350 pergo
711 3283 778 3344 neu
790 3262 896 3327 minus
910 3270 1033 3327 certum
1057 3261 1249 3349 exemplum
1258 3260 1391 3345 fragmi-

294 3394 371 3436 num
396 3369 589 3436 Callimachi
613 3371 751 3436 duorum
774 3392 792 3434 e
815 3369 1005 3435 coniectura
1024 3369 1058 3432 in
1083 3392 1182 3434 unum
1199 3369 1242 3433 ita
1260 3368 1390 3433 coniun-

295 3476 492 3565 gendorum,
525 3490 561 3542 ut
583 3488 694 3543 mutua
721 3500 755 3542 se
779 3479 851 3542 luce
871 3477 1037 3543 illustrent
1061 3488 1093 3541 et
1117 3477 1393 3564 complementum

296 3589 476 3655 sententiae
497 3588 629 3676 utrique
651 3610 746 3652 suurn
767 3586 965 3652 restituatur.

387 3696 453 3779 Qui
474 3695 600 3760 iambus
622 3719 640 3758 a
663 3695 773 3760 Bastio
798 3695 876 3760 olim
899 3694 940 3760 ad
964 3695 1109 3780 Gregor.
1133 3685 1209 3759 Cor.
1224 3714 1255 3778 p.
1267 3691 1328 3756 241
1351 3711 1395 3756 cx

397 4006 423 4076 h')
443 4009 481 4060 Cf.
502 4011 606 4062 Gallim.
629 4026 670 4076 op.
690 4010 766 4060 XLV
784 4007 800 4066 4
820 4027 880 4062 oum
904 4011 977 4062 anth.
995 4011 1052 4062 Pal.
1076 4011 1127 4062 XII
1147 4006 1209 4074 201,
1231 4007 1263 4072 43
1290 4008 1393 4067 Gallim.

298 4122 340 4173 op.
359 4105 483 4159 xhllth
511 4123 569 4158 eum
591 4109 664 4160 anth.
693 4108 750 4174 Pal.
769 4107 819 4158 XII
837 4104 898 4170 180,
917 4104 947 4170 13
976 4107 1078 4159 Gallim.
1104 4123 1147 4172 ep·
1167 4105 1280 4156 XLVIII
1300 4104 1317 4158 2
1335 4119 1395 4158 eum

298 4203 372 4263 anth.
391 4205 449 4254 Pal.
470 4205 520 4254 XII
538 4201 599 4266 204,
619 4202 652 4266 63
673 4221 705 4256 ac
723 4204 828 4256 videtur
847 4204 928 4256 etiam
947 4204 1021 4256 anth·
1041 4204 1099 4254 Pal.
1117 4201 1170 4252 XII
1181 4199 1276 4265 191,4
1295 4215 1396 4252 memor

297 4299 380 4351 fuisso
400 4300 597 4365 epigrammatis
617 4301 730 4354 alieuius
742 4300 925 4363 Callimachal,
944 4301 978 4352 do
989 4315 1042 4367 quo
1061 4298 1189 4362 relicuum
1208 4301 1249 4348 ost
1267 4299 1314 4362 frg.
1327 4293 1396 4358 3633

299 4397 332 4446 cf·
352 4409 422 4462 quas
442 4395 608 4460 disputantur
626 4412 652 4468 p.
670 4395 703 4450 31
724 4411 751 4462 n.
775 4394 818 4455 39.
1173 4397 1176 4402 ’
