3156 5164
857 410 898 484 18

328 592 480 661 distincto
513 603 778 676 commonstrant,
810 593 854 657 ad
891 593 1129 664 Callimachum
1161 603 1309 684 spectaro
1343 618 1427 684 quac

327 701 534 774 antecedunt.
585 701 663 768 hino
691 701 848 786 sequitur,
879 711 915 770 ut
944 703 1059 770 vitium
1090 702 1189 772 lateat
1216 703 1251 770 in
1284 707 1426 774 θεοῖσιν.

327 809 457 894 scripsit
479 818 584 874 autem
610 808 843 892 Callimachus,
865 809 926 878 uisi
949 810 1061 879 fellort

451 915 486 983 ἕν
506 915 542 982 δὲ
560 910 736 988 θύσισιν
760 914 817 984 ἐπί
836 916 936 1004 φλογὶ
954 915 1086 1000 καιέμεν
1107 905 1245 999 ύμπνας.

326 1022 528 1108 Hesychius:
557 1019 636 1103 θύα,
670 1016 846 1109 ἀρτύματα.
880 1018 1039 1110 Κύπριοι.
1077 1020 1158 1091 ἔνιοι
1191 1019 1232 1089 τὰ
1259 1015 1425 1110 ἀρώματα.

326 1131 534 1217 Καλλίμαχος
556 1133 699 1217 (Gallim.
721 1134 784 1220 frg.
800 1134 885 1215 354).
899 1134 940 1218 ²⁸)
963 1158 1000 1202 ac
1025 1135 1162 1204 fortasse
1185 1133 1303 1206 mulso
1324 1135 1423 1200 auda-

325 1241 394 1304 ciae
413 1263 480 1307 non
502 1227 797 1329 fueritsupplere:

550 1348 584 1415 ἐν
606 1348 642 1415 δὲ
663 1345 798 1416 θύωσιν
820 1348 877 1415 ἐπὶ
898 1349 996 1438 φλογί
1016 1349 1147 1434 καιέμεν
1167 1340 1296 1434 ύμπνας

450 1461 535 1545 Δηοῖ
554 1495 607 1523 -.

323 1566 432 1653 itaque
452 1567 557 1631 minus
578 1575 669 1631 recte
686 1565 842 1631 iudicavit
865 1565 906 1633 Ο.
919 1563 1141 1632 Schneiderus
1152 1565 1268 1652 philol.
1283 1565 1332 1631 VI
1342 1565 1422 1631 534:
1440 1589 1442 1591 ·

326 1671 360 1737 ἐν
382 1671 418 1738 δέ
441 1673 580 1737 relatum
597 1671 707 1759 fuisse
730 1675 879 1758 suspicor
900 1673 945 1738 ud
961 1695 1189 1761 praspreaestm
1215 1695 1331 1737 ποπειι
1348 1668 1425 1758 κύρ-

327 1787 398 1865 βεις
421 1779 483 1868 (cf.
500 1781 576 1872 frp.
598 1783 692 1864 456).
728 1803 835 1868 neque
854 1804 934 1848 vcro
957 1783 1122 1870 proditum
1143 1803 1279 1868 usquam
1299 1781 1423 1848 inveni·

326 1898 390 1968 sur,
413 1889 446 1953 in
468 1889 532 1954 rus
555 1877 740 1954 coruscus
763 1889 818 1954 vel
840 1888 1047 1955 immolatum
1068 1910 1138 1956 esse
1161 1892 1216 1956 vet
1228 1873 1423 1979 Triptolemi

323 2009 502 2087 praecepta
525 2000 582 2084 (cf.
606 1998 827 2069 Schneidorus
850 2000 873 2064 l.
890 1999 930 2085 s.)
955 2000 1057 2066 fuisse
1081 2001 1247 2088 inscripta.
1273 2001 1420 2068 cf.Prel·

328 2103 390 2167 leri
413 2113 564 2170 accurata
583 2103 758 2192 disputatio
783 2105 972 2172 Polemonis
993 2129 1025 2194 p.
1047 2108 1087 2172 87
1099 2129 1168 2195 sqq.

856 2486 895 2552 V.

419 2666 536 2733 Suidas
557 2661 744 2754 Αίθτιαὴ
769 2662 928 2752 ίγδη.καί
949 2660 968 2752 ἦ
990 2665 1153 2731 &alonia
1175 2655 1273 2750 ὅρνις.

443 2771 577 2862 αἰθρίης
597 2769 665 2844 ύπὸ
686 2769 900 2861 πτερύγεσσιν
923 2770 1041 2840 ἔλυσαν
1060 2761 1228 2858 πείσματα
1249 2769 1335 2862 νηός.

318 2877 352 2949 ol
376 2879 435 2970 γὰρ
456 2877 588 2950 αἴθυιαι
618 2879 696 2950 ίίτσν
724 2879 845 2950 δύνωσι
872 2876 1024 2960 κάκιστος
1046 2878 1165 2961 οίωνός
1187 2877 1326 2966 ὑπάρχει
1347 2889 1420 2964 τοῖς

319 2991 466 3059 πλέουσι.

424 3093 591 3186 Εἰμιίδαε
613 3101 849 3188 Bernhardyus
871 3099 971 3167 talem
992 3121 1122 3167 versum
1143 3100 1306 3190 procudit:

441 3189 545 3273 αίθυί
569 3192 607 3293 ἧς
628 3201 841 3293 πτερύγεσσιν
864 3203 982 3274 ἔλυσαν
1005 3207 1170 3292 πείσματα
1193 3204 1279 3295 νηός.

318 3326 416 3405 atque
447 3315 617 3382 Heokerus
640 3323 812 3382 comment.
836 3313 966 3382 Gallim.
986 3341 1019 3405 p.
1044 3317 1105 3382 100
1129 3317 1236 3386 hunce
1255 3319 1318 3384 isto
1342 3317 1438 3394 hers
1561 3387 1562 3392 ,

320 3424 371 3488 cle
393 3446 460 3490 non
480 3423 668 3490 belliorenr:

444 3527 577 3616 αἰθυίης
598 3525 812 3616 πτερύγεσσιν
836 3527 923 3600 ilvo’
948 3528 1015 3600 ὑπὸ
1036 3533 1113 3615 (εἰσ)
1140 3533 1305 3618 πείσματα
1332 3526 1416 3617 νηός.

319 3636 484 3724 aliquanto
507 3633 708 3727 probabilius
729 3661 836 3728 nuper
858 3639 1038 3706 Meinekius
1069 3640 1110 3705 ad
1142 3641 1270 3708 Gallim.
1293 3642 1328 3705 in
1350 3639 1416 3704 lav.

319 3743 397 3810 Min.
421 3745 482 3809 124

437 3849 570 3940 αἰθρίης
592 3849 806 3940 πτερύγεσσιν
829 3850 965 3921 ἐλύσατο
985 3855 1151 3940 πείσματα
1173 3853 1258 3946 νιγύς,

317 3958 382 4028 uisi
406 3961 493 4053 quod
516 3963 689 4029 violentius
713 3963 802 4028 delet
833 3965 1110 4054 praepositionem
1131 3961 1208 4048 ὖπό,
1242 3988 1323 4054 quae
1352 3989 1416 4030 ma-

317 4055 435 4137 nifesto
458 4070 499 4134 de
528 4091 624 4134 versu
654 4089 849 4158 praegresso
882 4081 1033 4160 superest
1061 4073 1200 4142 residua.
1240 4097 1302 4144 neo
1328 4073 1414 4140 enim

417 4381 463 4448 23)
483 4387 524 4436 Dc
543 4401 571 4436 rc
590 4386 648 4451 ipsa
668 4387 701 4436 of.
714 4347 772 4436 vlo.
786 4385 948 4451 Porphyrius
963 4385 997 4436 dc
1009 4386 1104 4436 obstin.
1125 4403 1150 4450 ρ.
1161 4383 1196 4438 84
1207 4403 1245 4454 oq.
1257 4387 1301 4439 cd.
1314 4388 1413 4438 Nauck.
