3156 5164
283 1475 453 1542 Battiadae
475 1477 666 1567 memoriam
689 1476 790 1560 longe
815 1476 892 1542 olim
915 1476 1163 1542 celeberrimam
1188 1485 1280 1560 quot-

186 1597 263 1672 quot
286 1587 384 1652 hodie
406 1587 492 1653 docti
512 1588 660 1652 homines
682 1587 847 1670 antiquam
873 1587 1005 1669 habent,
1042 1585 1118 1651 satis
1139 1585 1189 1650 illi
1211 1608 1281 1652 cor·

185 1693 250 1758 dati
274 1696 328 1780 qui
348 1696 503 1760 historiae
524 1697 653 1762 obviam
676 1694 846 1774 veritatem
878 1695 992 1759 malint
1013 1717 1110 1780 quam
1135 1695 1281 1782 ipsorum

185 1823 298 1868 sensus
324 1804 582 1892 qualemcunque
611 1802 820 1870 subtilitatem
842 1802 1016 1888 respicere,
1039 1803 1069 1868 ei
1088 1803 1151 1868 hoo
1171 1803 1205 1868 in
1225 1825 1280 1890 ge·

185 1933 265 1976 uere
278 1911 360 1976 nihil
376 1912 523 1998 cupidius
540 1921 706 2000 exoptant,
731 1924 826 2000 quam
840 1921 877 1977 ut
889 1911 1021 1976 tandem
1033 1912 1207 1996 aliquando
1219 1914 1281 1978 ista

186 2021 383 2104 fragminum
400 2021 517 2087 diffusa
531 2020 706 2086 multitudo
727 2021 826 2107 digua
849 2044 927 2086 cura
949 2022 1160 2108 conquiratur
1172 2021 1281 2109 dispo·

187 2137 281 2194 natur
299 2128 491 2194 emendetur
503 2138 682 2194 enarretur.
714 2128 942 2204 Bentleiauum
959 2129 1046 2195 enim
1057 2150 1137 2214 opus
1153 2129 1281 2194 tametsi

185 2247 274 2302 extat
300 2238 525 2304 admirandum
544 2239 578 2302 in
600 2260 696 2302 omne
721 2247 848 2325 tempus
866 2246 1113 2304 monumentum
1131 2237 1279 2324 ingenio·

186 2367 239 2410 sae
263 2346 429 2412 divinandi
451 2346 624 2428 facilitatis,
657 2368 821 2432 nunquam
847 2368 913 2412 non
935 2356 1106 2432 promptae
1129 2345 1281 2411 eruditio-

185 2453 248 2537 nis,
284 2454 372 2541 ipsos
400 2453 602 2539 antiquitatis
625 2453 763 2539 angulos
787 2453 957 2537 ingressae
980 2451 1141 2536 lectionis,
1174 2462 1283 2520 tamen

185 2562 243 2628 ille
267 2564 429 2629 communi
452 2585 530 2628 suae
552 2561 667 2627 aetatis
689 2563 724 2627 in
745 2562 795 2626 his
817 2561 917 2626 rebus
937 2559 1017 2625 vitio
1031 2560 1137 2626 dicem
1155 2585 1196 2626 an
1209 2583 1283 2650 pro·

186 2671 275 2758 price
296 2671 424 2737 virtutis
446 2671 580 2758 ingenio
603 2693 641 2736 eo
664 2671 855 2754 ducebatur,
880 2679 917 2734 ut
947 2668 1052 2734 minus
1077 2691 1198 2758 operae
1221 2669 1285 2745 im*

186 2780 348 2865 penderet
371 2781 406 2844 in
433 2779 693 2864 fragmentorum
719 2776 943 2842 absconditam
972 2776 1133 2842 rationem
1154 2786 1282 2844 senten·

185 2887 329 2972 tiamque
350 2885 542 2952 eliciendam
564 2896 662 2970 atque
684 2907 806 2951 nexum
827 2884 1077 2971 explorandum.
1109 2885 1197 2971 quod
1218 2894 1282 2950 stu·

188 2995 277 3061 dium
295 2995 434 3081 requirit
456 2994 618 3060 assiduam
642 3017 678 3058 ac
700 3003 850 3058 tenacem
872 2991 1064 3058 industriam
1088 2992 1282 3078 experiendi

189 3104 288 3167 multa
312 3104 424 3168 eadem
457 3123 701 3188 saepenumero
727 3099 924 3166 retractandi
955 3100 1142 3186 patientem,
1173 3122 1284 3167 rerum

188 3211 420 3297 cognitionem,
442 3210 584 3274 maxime
596 3207 749 3273 fabularis
764 3206 917 3272 historiae
930 3207 1088 3290 notitiam,
1101 3217 1285 3274 constanter

188 3321 409 3402 advocantem,
433 3319 468 3382 in
491 3327 661 3404 poetarum
673 3315 976 3382 Alexandrinorum
998 3316 1155 3402 loquendi
1176 3338 1282 3402 genus

187 3437 353 3512 totamque
382 3424 507 3511 ingenii
526 3435 631 3510 ‚atque
664 3425 741 3490 artis
771 3425 931 3490 rationem
962 3423 1090 3512 penitus
1113 3447 1185 3490 sese
1205 3424 1283 3490 insi·

187 3545 351 3619 nuantem,
384 3533 601 3599 imitationum
625 3532 764 3617 vestigia
786 3532 900 3598 sedulo
923 3532 1043 3617 ubique
1062 3532 1284 3618 indagantem,

186 3653 297 3709 vetera
321 3643 512 3710 Graecorum
532 3643 639 3728 lemica
661 3643 804 3730 impigre
827 3642 1026 3724 volventem,
1058 3640 1199 3729 denique
1227 3641 1283 3706 ad·

186 3751 404 3818 iumentorum
427 3775 579 3837 magnam
604 3760 730 3837 partem
752 3749 997 3816 reconditorum
1015 3751 1069 3816 vel
1085 3750 1283 3816 minutorum

186 3883 229 3926 ne
260 3859 558 3925 reconditissimum
588 3859 722 3945 quidem
752 3857 1045 3924 minutissimumve
1073 3867 1283 3944 spernentem

189 3991 314 4050 eorum,
349 3966 538 4053 quibus'ad
561 3968 686 4034 laceras
702 3967 783 4033 illas
805 3966 961 4052 reliquias
986 3966 1091 4051 magis
1114 3966 1284 4054 magisque

187 4077 429 4164 intellegendas
458 4079 561 4165 possis
591 4078 769 4164 adspirare.
811 4079 875 4143 huc
902 4076 957 4142 ubi
987 4075 1162 4160 addideris,
1196 4075 1283 4160 quod

187 4187 380 4279 fragmentis
412 4171 782 4252 aBentleio'Ernestio
814 4186 1022 4251 Blomfieldiu
1059 4183 1207 4250 collectis
1236 4185 1283 4250 iu-

161 4293 274 4364 dicio
303 4300 356 4363 vel
378 4308 467 4363 certo
497 4297 551 4361 vel
583 4296 744 4384 probabili
777 4296 925 4361 ducentis
957 4296 1052 4384 plura
1079 4295 1162 4359 adici
1196 4317 1282 4360 nunc

189 4418 320 4494 queunt,
342 4397 477 4472 habdbis
499 4407 568 4470 fere
590 4406 677 4470 unde
702 4407 822 4472 factum
845 4405 897 4488 sit,
926 4415 962 4471 ut
987 4404 1154 4469 elaborata
1176 4405 1283 4469 adhuc

1036 4551 1039 4555 ·
1056 4518 1071 4578 l
