3156 5164
733 413 752 478 7

194 593 304 678 aliquo
336 591 560 678 etymologica
591 591 741 661 Parisino
773 599 959 679 protractus
989 612 1076 661 nunc
1107 589 1230 675 legitur
1248 591 1291 658 in

195 705 330 787 etymol·
355 702 444 770 Gud.
466 725 498 790 p.
512 703 585 782 539,
610 703 650 770 59
674 712 707 766 et
728 701 764 769 in
782 702 867 770 libro
889 699 1053 770 Vossiarm
1077 699 1291 788 etymologici

194 814 306 901 magni
330 838 354 880 s.
376 835 407 878 a.
430 809 499 880 tto
521 812 577 896 (ad
599 834 630 899 p.
652 811 723 896 776,
746 811 785 878 12
808 810 958 880 editionis
983 809 1248 890 Gaisiordiauae)

326 911 416 992 riticio
438 915 526 986 ἔοικε
545 914 604 1004 τὴν
624 916 791 1006 φερέζωον
810 911 911 1003 κόρην
921 915 947 999 ⁷)

193 1051 212 1094 a
233 1027 362 1096 Naekio
385 1026 528 1096 Choeril.
554 1052 585 1116 p.
606 1027 676 1109 183,
702 1049 813 1114 opusc.
834 1027 872 1094 II
893 1049 924 1114 p.
935 1025 977 1094 48
998 1035 1030 1100 et
1045 1025 1109 1096 273
1129 1023 1292 1113 probabili

194 1159 237 1202 ne
260 1135 364 1212 dicam
390 1144 477 1202 certo
502 1135 622 1204 iudicio
640 1135 841 1204 Callimacho
862 1135 1046 1222 assignatus
1069 1139 1128 1202 esti
1160 1157 1236 1200 nam
1260 1143 1292 1202 et

195 1243 314 1314 Suidas
339 1267 408 1310 av.
429 1238 497 1310 tto
518 1267 582 1310 una
605 1268 677 1310 cum
702 1243 894 1316 Callimachi
916 1245 1101 1330 fragmento
1112 1243 1172 1310 477
1188 1241 1292 1326 ⁸huius

194 1351 347 1418 versiculi
368 1351 465 1416 affort
487 1351 615 1418 initium
637 1362 670 1416 ct
692 1352 949 1434 Callimacheum
971 1359 1021 1416 est
1039 1350 1177 1420 verbum
1202 1345 1292 1418 δόξειν

195 1459 249 1542 (ci.
270 1459 305 1524 in
325 1460 394 1526 Iov.
420 1460 469 1541 76,
491 1461 556 1546 frg.
578 1459 652 1543 477,
671 1459 777 1526 Naek.
801 1459 823 1526 l.
845 1483 871 1526 s.
894 1481 925 1544 p.
949 1458 1042 1542 249),
1076 1457 1159 1527 sicut
1194 1456 1294 1545 φερέ-

196 1569 279 1650 ζωος
302 1589 435 1655 porram
458 1589 524 1634 vox
545 1569 585 1632 ab
609 1568 689 1654 ipsis
722 1566 936 1635 Callimachci
965 1567 1126 1632 sermonis
1154 1574 1291 1635 rectato-

194 1677 283 1752 rihus
306 1676 446 1742 maximo
469 1676 661 1760 adhibetur;
686 1679 729 1744 ci.
750 1676 897 1744 Naekiue
919 1698 1029 1763 opusc.
1057 1677 1076 1744 I
1098 1697 1130 1761 p.
1151 1674 1225 1759 228,
1257 1675 1293 1744 11

194 1807 227 1872 p.
248 1784 338 1868 48.⁸)·
378 1793 475 1868 atquc
497 1783 624 1856 accedit
646 1785 791 1872 insuper,
822 1785 909 1869 quod
936 1794 1063 1871 spectat
1084 1786 1147 1854 isto
1168 1806 1293 1866 vorsus,

194 1903 231 1969 ut
252 1893 448 1977 videbimus,
471 1893 513 1965 ad
536 1894 704 1968 historiam
726 1893 919 1978 fabularem,
950 1917 1047 1979 quam
1070 1893 1293 1964 Callimachus

195 2001 230 2084 in
247 1999 364 2080 iambis
384 1999 450 2068 stris
473 1999 648 2087 praecipue
669 2001 830 2071 tractavit.
872 2001 937 2074 iam
957 1999 1104 2070 Naekius
1127 2001 1292 2086 aliquanto

195 2109 302 2188 minus
326 2108 538 2194 probabiliter
561 2109 623 2174 tria
635 2107 829 2176 Callimachi
846 2111 1032 2196 fragmenta
1051 2109 1190 2182 iambica
1204 2110 1292 2176 huno

196 2217 230 2284 in
248 2218 380 2298 modum
404 2218 604 2304 composuit:

320 2321 408 2392 ὕδειν
431 2322 519 2394 ἔοικε
541 2320 599 2413 τὴν
619 2323 786 2413 φερέζωον
804 2320 904 2412 κόρην

320 2429 378 2520 τὴν
400 2425 611 2519 (αἶγαμέμνων,
638 2427 683 2512 ὥς
704 2427 723 2500 ὁ
745 2436 865 2516 μῦθος,
889 2432 1011 2513 εἵσατο,

319 2545 358 2632 τῇ
379 2541 433 2608 καὶ
452 2541 596 2627 unove«
613 2541 668 2614 aet
687 2536 829 2626 μόνωπα
846 2536 966 2613 θύεται

321 2759 405 2844 χαῖρ’
429 2751 587 2846 Hirci-ivr]
631 2810 638 2825 .
680 2759 684 2768 ’
683 2810 999 2828 .......

197 2891 335 2956 quorum
358 2868 489 2937 tertium
521 2870 653 2954 quidem
681 2871 879 2957 fragminum
912 2871 968 2957 (72
990 2871 1111 2954 Bentl.)
1145 2870 1212 2936 talc
1244 2880 1294 2941 est

195 2979 229 3044 in
255 2979 388 3063 etymol.
412 3001 454 3047 m.
476 3003 508 3066 p.
532 2979 604 3062 392,
625 2980 686 3044 27;
721 2970 889 3066 Εὐκολίνη.
932 2975 951 3068 ν)
983 2975 1097 3068 Ἑκάτη
1108 2979 1137 3067 ⁹)
1169 2979 1295 3066 λέγεται

195 3083 286 3173 παρὰ
297 3083 496 3174 Καλλιμάχῳ
520 3084 602 3154 κατὰ
626 3080 828 3179 citriorum,
851 3085 870 3177 ἡ
882 3085 927 3176 μή
945 3077 1027 3159 οὖσα
1039 3080 1183 3169 citantor.
1209 3090 1293 3155 liber

197 3195 409 3281 Sorbcniccs,
443 3199 498 3283 qui
529 3199 616 3267 haud
646 3201 749 3266 scmel
782 3210 832 3264 cst
860 3199 992 3266 uberior
1023 3199 1075 3280 (cf.
1098 3199 1230 3267 Bestius
1253 3198 1294 3264 ad

197 3304 339 3391 Gregcr.
372 3306 446 3374 Cor.
480 3333 512 3396 p.
538 3308 635 3392 289),
670 3309 752 3376 haec
781 3309 898 3378 habet:
930 3301 1088 3396 Εὖκολίνη
1110 3359 1118 3374 .
1138 3303 1158 3394 ἡ
1179 3301 1294 3394 Ἑκάτη

199 3497 440 3507 -ωὴ-

294 3638 322 3708 7)
343 3639 426 3692 Varia
443 3638 524 3690 lectio
543 3637 674 3707 φυσίζοον
702 3634 745 3698 (af.
765 3642 845 3704 etym.
865 3652 900 3688 m.
919 3637 937 3688 l.
959 3653 978 3689 s.
1001 3642 1027 3700 et
1046 3637 1152 3695 Bestius
1170 3638 1206 3700 si
1228 3637 1294 3690 Gre-

197 3753 252 3802 gor.
272 3737 331 3788 Cor.
363 3753 388 3802 p.
409 3731 471 3798 885)
499 3741 616 3802 atquae
650 3748 685 3788 ex
706 3733 822 3784 Homero
842 3729 959 3795 (sits,
987 3735 1015 3787 Φ
1035 3731 1190 3797 63,t301‚
1224 3735 1250 3784 h.
1268 3735 1296 3784 in

199 3833 266 3884 Ven.
289 3827 348 3898 125)
369 3830 494 3881 traducta
512 3831 546 3880 sit
563 3831 660 3881 nullius
679 3830 757 3896 pretii
776 3827 903 3881 habenda
921 3835 969 3880 ost.

297 3923 326 3990 8)
355 3927 477 3977 Getarum
510 3942 546 3980 ex
576 3927 760 3977 Callimachea
789 3927 941 3976 iamborum
975 3931 1031 3976 arte
1066 3929 1186 3992 praestat
1217 3926 1296 3976 facila

197 4022 330 4092 φερέζοον
347 4013 439 4090 κόρην.
464 4023 506 4073 cui
524 4024 627 4073 formae
651 4021 804 4089 recentioris
828 4022 922 4074 aetatis
948 4021 1015 4087 epici
1041 4019 1177 4089 φερέζωος
1202 4021 1296 4072 substi-

196 4128 270 4172 tuere
291 4123 441 4185 potuerunt,
463 4123 491 4168 ut
505 4117 590 4168 eidem
606 4119 742 4186 φυσίζωος
762 4119 878 4170 scribere
897 4117 1047 4168 maluerunt
1066 4133 1148 4184 quam
1159 4115 1295 4185 φυσίζοος.
1399 4106 1406 4124 '

296 4212 324 4278 9)
344 4215 459 4266 Bentleii
478 4230 604 4276 errorem,
624 4215 667 4282 qut
678 4214 799 4266 Hecatae
811 4213 935 4266 Hccalen
956 4214 1119 4266 substruere
1139 4228 1223 4280 pravo
1236 4215 1296 4265 loco

197 4315 251 4365 hos
269 4315 319 4380 ἣν.
338 4313 493 4374 inculcarit,
514 4317 575 4378 past
594 4312 825 4372 Hemstsrhusicm
845 4312 882 4362 ad
899 4314 950 4381 frq.
968 4308 1003 4362 72
1022 4311 1159 4376 redarguit
1180 4309 1297 4362 Naekius

198 4423 290 4476 opusc.
309 4409 366 4475 lp.
385 4404 439 4459 270
456 4424 495 4475 sq.
