3156 5164
827 434 850 500 4

266 703 269 708 Ι
293 635 389 700 quem
413 615 544 680 nonnisi
564 614 674 678 tennis
693 637 731 680 ac
752 624 838 678 tersa
852 624 1002 700 poemata
1019 617 1174 701 probasse
1185 641 1282 684 nemo
1295 621 1388 708 igno·

292 730 352 788 ret.
392 731 490 807 atque
508 721 590 787 adeo
615 743 749 808 prorsus
771 722 934 787 consimili
954 746 1032 788 usus
1054 723 1111 788 illo
1128 736 1178 790 est
1193 727 1336 814 imagine
1354 729 1389 793 in

293 852 331 896 eo
355 830 539 917 fragmento
571 831 648 915 (319
670 829 777 896 Bentl.
801 831 855 895 vel
878 829 1106 896 Meinekianae
1132 835 1388 902 oholiainborum

293 937 497 1004 collectionis
521 959 553 1024 p.
577 937 638 1003 165
655 943 718 1022 sq.)
749 939 836 1025 quod
867 961 956 1004 nunc
983 939 1107 1024 legitur
1128 943 1335 1009 emendatum
1357 956 1389 1008 et

292 1045 524 1133 amplificatum
547 1045 580 1110 in
601 1046 736 1112 scholiis
759 1047 1013 1134 Hephaestionis
1035 1046 1268 1133 Saybantianis
1292 1076 1323 1138 p.
1346 1055 1388 1118 36

293 1153 401 1222 Gaisf.
423 1154 474 1220 ed.
497 1153 536 1220 ΙΙ

231 1259 236 1269 “
313 1287 321 1302 ·
418 1259 489 1350 ἥτις
510 1258 677 1350 τραγῳδὸς
700 1266 824 1329 Μοιῖσα
844 1263 1074 1348 ληκυθίζοοσα,

292 1393 352 1437 nec
374 1373 481 1437 minas
502 1375 566 1458 frg.
587 1372 651 1438 306

415 1475 460 1566 μή
481 1505 523 1564 με
542 1477 601 1546 aba
622 1479 657 1546 ἐν
677 1482 816 1547 Δωδῶνι
837 1480 925 1566 λέγοι
942 1476 1047 1564 μόνον
1070 1477 1186 1548 οὕνεκα
1206 1479 1325 1564 χαλκόν

500 1579 680 1676 laetave,
1185 1673 1192 1687 ,

292 1699 380 1786 quod
402 1720 467 1763 non
492 1720 567 1764 oum
596 1695 747 1768 Bentleio
769 1696 962 1784 Naekioque
985 1719 1095 1786 opusc.
1113 1699 1148 1764 ΙΙ
1169 1721 1201 1784 p.
1222 1700 1264 1764 49
1288 1700 1386 1766 credo

292 1809 410 1871 dictma
433 1810 467 1870 a'a
489 1807 660 1894 paruulum
681 1805 838 1896 quendam
860 1807 1083 1872 aduersarium
1108 1806 1306 1874 Callimachi
1332 1815 1391 1899 qui

291 1917 338 1981 ad
359 1917 529 1982 dicendum
550 1931 746 2003 prouocatus
773 1939 943 2005 numquam
963 1922 1061 2002 finem
1081 1916 1201 2003 facere
1231 1923 1388 2004 potuerit,

291 2025 350 2091 sad
384 2025 565 2090 cautionem
593 2016 701 2114 potins
717 2027 910 2109 continere,
945 2046 987 2090 ne
1020 2016 1091 2109 quis
1120 2026 1226 2111 ipsum
1256 2033 1386 2114 poetam

290 2133 374 2200 aeris
394 2133 568 2200 Dodonaei
592 2132 768 2218 similem³)
790 2133 915 2198 infinita
934 2134 1166 2218 sonaredicat,
1187 2135 1277 2200 velut
1298 2135 1385 2201 idem
1473 2138 1476 2142 ’

289 2243 323 2307 in
345 2239 458 2330 Apoll.
483 2243 542 2308 106
564 2252 775 2329 personatum
797 2241 1012 2330 Apollonium
1037 2243 1190 2310 clientem
1214 2245 1311 2310 facit:

289 2519 422 2568 caelestia
444 2518 532 2568 dicem
547 2517 623 2566 balla
638 2511 643 2578 l
659 2517 896 2580 ceutsmaaumque
918 2513 1008 2580 Gyan,
1031 2524 1057 2565 et
1071 2517 1138 2566 aau'a
1156 2519 1210 2566 oris
1225 2524 1294 2568 arat.
1307 2516 1386 2582 Prop.
1408 2535 1413 2540 ·

290 2613 328 2663 111
347 2610 390 2674 10,
410 2610 444 2664 1⁶2
466 2611 560 2676 mapat
579 2625 653 2661 uuna
670 2613 726 2660 erit
744 2613 799 2661 ονιί
819 2625 893 2674 apua·
1102 2663 1105 2668 y

392 2703 419 2771 2)
437 2696 602 2773 Λεγόμενον
620 2711 660 2755 eet
677 2705 704 2754 in
715 2705 979 2772 StephaniByzantii
997 2705 1071 2755 libris
1091 2723 1111 2756 s·
1125 2722 1149 2754 v.
1162 2695 1294 2768 Δωδώνη.
1316 2707 1387 2758 unde

287 2801 425 2854 Bentleius
456 2801 544 2852 effecit
568 2798 734 2868 λελεγμένον
758 2801 920 2851 assentiente
947 2801 1057 2852 Naekio.
1103 2807 1131 2851 at
1152 2803 1180 2851 in
1208 2803 1387 2853 Choerobcsci

289 2899 397 2950 dictatis
421 2899 449 2948 in
476 2897 613 2948 Theodec.
633 2897 719 2964 quinis
743 2897 797 2946 iam
821 2897 890 2970 lacis
918 2893 954 2962 (p.
973 2894 1035 2958 290,
1056 2895 1088 2959 13
1113 2895 1176 2959 418,
1200 2896 1252 2968 19·ι
1276 2895 1335 2960 164,
1356 2896 1388 2960 6ς

289 2993 350 3056 116,
371 2991 404 3056 5;
424 2989 485 3055 273,
504 2989 551 3056 35)
570 2991 668 3056 legitur
686 2989 761 3056 λέγοι
778 2980 876 3057 μόνον,
907 2991 1011 3042 nonnisi
1031 2992 1126 3068 leniter
1144 2993 1186 3043 bis
1205 2993 1387 3077 obscuratum,

249 3136 251 3141 ,
286 3089 362 3156 λέγοι
381 3084 489 3157 μοῦνον
507 3091 533 3137 et
551 3085 613 3151 λέγε
630 3077 727 3154 μόνον.
772 3090 850 3152 atque
877 3085 998 3135 indidem
1020 3075 1156 3136 lucramur
1181 3088 1249 3138 illud
1275 3080 1315 3157 μή
1341 3103 1387 3157 με.

288 3186 477 3236 Constantinus
494 3183 621 3234 Lasaaris
647 3181 836 3248 grammaticae
853 3182 921 3232 libro
941 3182 988 3246 111,
1008 3183 1052 3250 qui
1065 3182 1281 3234 Choeroboscum
1303 3187 1388 3236 excri-

287 3283 352 3332 bens
380 3278 419 3342 (ut
438 3279 466 3329 in
492 3278 596 3328 Gallim.
620 3279 670 3342 fag.
689 3273 750 3336 497,
775 3279 805 3326 ct
830 3277 962 3328 Choerob.
987 3279 1006 3328 l·
1029 3295 1050 3328 s.
1071 3296 1097 3343 p.
1118 3276 1162 3339 69,
1184 3277 1234 3340 283
1260 3278 1321 3341 276,
1341 3279 1387 3342 26)

287 3377 423 3428 nonsatis
443 3375 536 3440 opinor
560 3373 696 3438 perspexit
721 3373 862 3423 verborum
883 3374 1097 3424 consecutionem
1124 3375 1269 3442 anticipato
1289 3393 1386 3442 prono·

287 3473 358 3522 mine
379 3470 525 3530 difficilem,
546 3469 651 3519 videtur
671 3473 765 3532 suopte
786 3468 870 3517 Marte
889 3467 1048 3519 emendasse
1072 3469 1162 3518 εἵνεκα
1177 3461 1291 3536 χαλκου.
1310 3473 1384 3521 nimi·

288 3583 345 3618 rum
375 3566 524 3632 particulae
553 3563 689 3616 substituit
709 3564 941 3628 praepositionem,
967 3581 1050 3632 quare
1079 3565 1196 3616 Naekius
1222 3567 1239 3615 l.
1259 3583 1279 3616 s.
1306 3584 1331 3632 p.
1352 3565 1386 3618 52

287 3679 342 3716 non
367 3662 485 3714 debebat
516 3661 627 3712 admoto
654 3659 744 3708 allusu
769 3661 916 3724 particulae
936 3661 1066 3728 exquisito
1091 3677 1138 3710 usu
1159 3662 1340 3714 Callimacbeo
1359 3665 1387 3714 in

289 3761 371 3827 pretio
392 3761 492 3811 habere
513 3759 638 3809 Laecania
657 3758 822 3822 scripturam.

387 3852 414 3922 3)
436 3856 469 3906 V.
487 3855 609 3921 Apostcl.
627 3855 662 3904 Vl
671 3851 705 3904 43
726 3853 764 3920 (in
775 3854 1021 3919 paroemlographls
1035 3853 1070 3902 ab
1081 3852 1226 3905 Leutsohic
1239 3858 1265 3906 et
1276 3853 1386 3906 Schnei-

289 3953 393 4004 dewino
413 3952 491 4002 editis
510 3957 572 4002 tom.
593 3952 618 4000 ll
636 3968 661 4015 p.
682 3947 759 4014 ‘n‘lllz
790 3945 959 4000 Δωδωναῖον
975 3946 1115 4014 χαλκεῖον.
1136 3945 1184 3998 inl
1208 3947 1263 4001 τῶν
1287 3942 1385 3999 axuta-

288 4038 414 4102 παὺστως
433 4039 584 4096 καὶπολλὰ
602 4035 761 4096 λαλούντων.
786 4036 893 4112 Δήμων
910 4045 965 4110 μέν
979 4055 1066 4112 φησιν
1084 4040 1114 4094 έν
1131 4040 1165 4113 τῇ
1174 4035 1297 4114 Δωδώνῃ
1317 4043 1385 4095 πολ-

287 4137 349 4200 λοὺς
366 4133 551 4211 παραλλήλους
566 4142 708 4210 κειμένους
722 4138 844 4204 λέβητας,
861 4133 927 4190 ὅταν
943 4156 983 4196 τις
1001 4135 1062 4195 ἑνὸς
1078 4131 1192 4205 ἅψηται,
1207 4137 1238 4192 lx
1254 4137 1386 4208 διαδοχῆς

289 4231 392 4295 πάντας
409 4231 495 4306 ἠχεῖν.
525 4239 557 4290 ολ.
580 4252 649 4305 quae
668 4237 712 4286 hic
730 4239 756 4288 et
777 4235 814 4284 ad
833 4236 932 4287 Zenob.
954 4237 991 4286 Vl
1010 4235 1027 4288 6
1046 4234 1118 4298 (tom.
1137 4236 1149 4284 1
1168 4253 1193 4302 p.
1214 4229 1275 4302 16'2)
1301 4238 1385 4310 adno.

287 4341 379 4388 terunt
399 4336 515 4386 editores
536 4333 723 4397 Gottingenses
742 4345 864 4396 quaeque
885 4330 1032 4382 afferuntur
1057 4330 1093 4380 ad
1111 4329 1186 4381 Suid.
1216 4329 1386 4384 Δωδωναῖον

284 4432 421 4500 χαλκεῖον.
442 4431 562 4497 neglexit
580 4428 658 4480 huius
677 4425 810 4492 proverbii
830 4425 1050 4477 consuetudinem
1072 4427 1208 4478 Reuehius
1227 4428 1244 4477 l.
1263 4445 1283 4478 s.
1297 4446 1329 4494 p.
1350 4428 1385 4480 26
